@article{ali_comp_pred_hiv_2016,
author = {Ali Hosseini and Andreu Alib\'es and Marc Noguera-Julian and Victor A. Gil and Roger Paredes and Robert Soliva and Modesto Orozco and Victor Guallar},
title = {Computational Prediction of HIV-1 Resistance to Protease Inhibitors},
journal = {J. Chem. Inf. Model.},
date = {2016-4},
year = {2016},
doi = {10.1021/acs.jcim.5b00667},
URL = {http://dx.doi.org/10.1021/acs.jcim.5b00667}
}

@article{abagyan_icm_1994,
 author = {Abagyan, Ruben and Totrov, Maxim and Kuznetsov, Dmitry},
 date = {1994-05-01},
 journal = {J. Comput. Chem.},
 langid = {english},
 link = {http://onlinelibrary.wiley.com/doi/10.1002/jcc.540150503/abstract},
 number = {5},
 pages = {488--506},
 timestamp = {2016-02-14T19:28:20Z},
 title = {{{ICM}} - {{A}} new method for protein modeling and design: {{Applications}} to docking and structure prediction from the distorted native conformation},
 urldate = {2015-11-17},
 volume = {15}
}

@article{abe_rapid_1984,
 author = {Abe, H. and Braun, W. and Noguti, T. and G\={o}, N.},
 date = {1984-01-01},
 journal = {Comput. Chem.},
 link = {http://www.sciencedirect.com/science/article/pii/0097848584850159},
 number = {4},
 pages = {239--247},
 timestamp = {2015-11-18T01:10:47Z},
 title = {Rapid calculation of first and second derivatives of conformational energy with respect to dihedral angles for proteins general recurrent equations},
 urldate = {2015-11-18},
 volume = {8}
}

@article{acebes_rational_2016,
 author = {Acebes, Sandra and Fernandez-Fueyo, Elena and Monza, Emanuele and Lucas, M. Fatima and Almendral, David and Ruiz-Due{\~n}as, Francisco J. and Lund, Henrik and Martinez, Angel T. and Guallar, Victor},
 date = {2016-03-04},
 journal = {ACS Catal.},
 link = {http://dx.doi.org/10.1021/acscatal.6b00028},
 number = {3},
 pages = {1624--1629},
 timestamp = {2016-04-08T17:38:30Z},
 title = {Rational {{Enzyme Engineering Through Biophysical}} and {{Biochemical Modeling}}},
 urldate = {2016-04-08},
 volume = {6}
}

@article{ahmed_large-scale_2010,
 author = {Ahmed, Aqeel and Villinger, Saskia and Gohlke, Holger},
 date = {2010-12-01},
 journal = {Proteins},
 keyword = {conformational change,ENM,evolution,intrinsic motion,RCNMA},
 langid = {english},
 link = {http://onlinelibrary.wiley.com/doi/10.1002/prot.22841/abstract},
 number = {16},
 pages = {3341--3352},
 timestamp = {2015-11-17T21:47:08Z},
 title = {Large-scale comparison of protein essential dynamics from molecular dynamics simulations and coarse-grained normal mode analyses},
 urldate = {2015-11-17},
 volume = {78}
}

@article{aleshin_src_2010,
 author = {Aleshin, Alexey and Finn, Richard S},
 date = {2010-08},
 eprint = {20689754},
 eprinttype = {pmid},
 journal = {Neoplasia},
 link = {http://www.ncbi.nlm.nih.gov/pmc/articles/PMC2915404/},
 number = {8},
 pages = {599--607},
 pmcid = {PMC2915404},
 timestamp = {2016-04-05T11:33:12Z},
 title = {{{SRC}}: {{A Century}} of {{Science Brought}} to the {{Clinic}}},
 urldate = {2016-04-05},
 volume = {12}
}

@article{alexeev_synthesis_2003,
 author = {Alexeev, Dmitriy and Barlow, Paul N. and Bury, Stella M. and Charrier, Jean-Damien and Cooper, Alan and Hadfield, David and Jamieson, Craig and Kelly, Sharon M. and Layfield, Robert and Mayer, R. John and McSparron, Helen and Price, Nicholas C. and Ramage, Robert and Sawyer, Lindsay and Starkmann, Bernard A. and Uhrin, Dusan and Wilken, Jill and Young, Douglas W.},
 date = {2003-09-05},
 journal = {ChemBioChem},
 keyword = {Amino Acids,bioorganic chemistry,Crystallography,Mutation,Proteins},
 langid = {english},
 link = {http://onlinelibrary.wiley.com/doi/10.1002/cbic.200300699/abstract},
 number = {9},
 pages = {894--896},
 timestamp = {2016-04-05T11:19:27Z},
 title = {Synthesis, {{Structural}} and {{Biological Studies}} of {{Ubiquitin Mutants Containing}} ({{2S}}, {{4S}})-5-{{Fluoroleucine Residues Strategically Placed}} in the {{Hydrophobic Core}}},
 urldate = {2016-04-05},
 volume = {4}
}

@article{alvarez_vecino_optimization_2015,
 author = {Alvarez Vecino, Pol and {Rosa M Badia} and {Victor A Gil}},
 date = {2015-10-26},
 link = {https://upcommons.upc.edu/handle/2117/79993},
 timestamp = {2016-01-31T13:08:03Z},
 title = {Optimization of the cluster analysis tool {{pyProCT}} with {{pyCOMPSs}}},
 urldate = {2015-11-17}
}

@article{amadei_convergence_1999,
 author = {Amadei, Andrea and Ceruso, Marc A. and Di Nola, Alfredo},
 date = {1999-09-01},
 journal = {Proteins},
 keyword = {conformational fluctuations,essential dynamics,Molecular dynamics},
 langid = {english},
 link = {http://onlinelibrary.wiley.com/doi/10.1002/(SICI)1097-0134(19990901)36:4<419::AID-PROT5>3.0.CO;2-U/abstract},
 number = {4},
 pages = {419--424},
 timestamp = {2016-03-02T09:41:53Z},
 title = {On the convergence of the conformational coordinates basis set obtained by the essential dynamics analysis of proteins' molecular dynamics simulations},
 urldate = {2016-03-02},
 volume = {36}
}

@article{amadei_efficient_1996,
 author = {Amadei, A. and Linssen, A. B. and de Groot, B. L. and van Aalten, D. M. and Berendsen, H. J.},
 date = {1996-02},
 eprint = {8906882},
 eprinttype = {pmid},
 journal = {J. Biomol. Struct. Dyn.},
 keyword = {Bacterial Proteins,Computer Simulation,Escherichia coli,Hydrogen Bonding,Mathematical Computing,Models; Molecular,Phosphoproteins,Protein Structure; Secondary,Solvents,Thermodynamics},
 number = {4},
 options = {useprefix=true},
 pages = {615--625},
 timestamp = {2015-11-18T00:55:59Z},
 title = {An efficient method for sampling the essential subspace of proteins},
 volume = {13}
}

@article{amadei_essential_1993,
 author = {Amadei, A. and Linssen, A. B. and Berendsen, H. J.},
 date = {1993-12},
 eprint = {8108382},
 eprinttype = {pmid},
 journal = {Proteins},
 keyword = {Animals,Chickens,Egg White,Models; Chemical,Models; Theoretical,Muramidase},
 number = {4},
 pages = {412--425},
 timestamp = {2015-11-18T01:00:34Z},
 title = {Essential dynamics of proteins},
 volume = {17}
}

@article{andrec_complete_2002-1,
 author = {Andrec, Michael and Harano, Yuichi and Jacobson, Matthew P. and Friesner, Richard A. and Levy, Ronald M.},
 date = {2002-06},
 journal = {J. Struct. Func. Genom.},
 keyword = {Analytical Chemistry,Biochemistry; general,Human Genetics,Pharmacy},
 langid = {english},
 link = {http://link.springer.com/article/10.1023/A%3A1020435630054},
 number = {2},
 pages = {103--111},
 timestamp = {2015-11-17T21:48:51Z},
 title = {Complete protein structure determination using backbone residual dipolar couplings and sidechain rotamer prediction},
 urldate = {2015-11-17},
 volume = {2}
}

@inproceedings{ankerst_optics_1999-1,
 author = {Ankerst, Mihael and Breunig, Markus M. and Kriegel, Hans-peter and Sander, J{\"o}rg},
 date = {1999},
 pages = {49--60},
 publisher = {ACM Press},
 timestamp = {2016-02-10T18:58:51Z},
 title = {{{OPTICS}}: {{Ordering Points To Identify}} the {{Clustering Structure}}}
}

@article{atilgan_anisotropy_2001,
 author = {Atilgan, A. R. and Durell, S. R. and Jernigan, R. L. and Demirel, M. C. and Keskin, O. and Bahar, I.},
 date = {2001-01},
 eprint = {11159421},
 eprinttype = {pmid},
 journal = {Biophys. J.},
 keyword = {Anisotropy,Binding Sites,Biophysical Phenomena,Biophysics,Crystallography; X-Ray,Elasticity,Models; Molecular,Protein Binding,Protein Conformation,Proteins,Retinol-Binding Proteins,Thermodynamics},
 number = {1},
 pages = {505--515},
 pmcid = {PMC1301252},
 timestamp = {2015-11-17T21:45:37Z},
 title = {Anisotropy of fluctuation dynamics of proteins with an elastic network model},
 volume = {80}
}

@article{babot_steroid_2015,
 author = {Babot, Esteban D. and del R{\'\i}o, Jos{\'e} C. and Ca{\~n}ellas, Marina and Sancho, Ferran and Lucas, F{\'a}tima and Guallar, V{\'\i}ctor and Kalum, Lisbeth and Lund, Henrik and Gr{\"o}be, Glenn and Scheibner, Katrin and Ullrich, Ren{\'e} and Hofrichter, Martin and Mart{\'\i}nez, Angel T. and Guti{\'e}rrez, Ana},
 date = {2015-04-10},
 eprint = {25862224},
 eprinttype = {pmid},
 journal = {Appl. Environ. Microbiol.},
 langid = {english},
 link = {http://aem.asm.org/content/early/2015/04/08/AEM.00660-15},
 pages = {AEM.00660--15},
 timestamp = {2015-11-24T11:57:49Z},
 title = {Steroid hydroxylation by basidiomycete peroxygenases: {{A}} combined experimental and computational study},
 urldate = {2015-11-24}
}

@article{bahar_direct_1997,
 author = {Bahar, I. and Atilgan, A. R. and Erman, B.},
 date = {1997},
 eprint = {9218955},
 eprinttype = {pmid},
 journal = {Fold Des.},
 keyword = {Crystallography; X-Ray,Models; Chemical,Molecular Structure,Protein Conformation,Protein Folding,Proteins,Thermodynamics},
 number = {3},
 pages = {173--181},
 timestamp = {2015-11-17T20:34:03Z},
 title = {Direct evaluation of thermal fluctuations in proteins using a single-parameter harmonic potential},
 volume = {2}
}

@article{bajorath_integration_2002,
 author = {Bajorath, J{\"u}rgen},
 date = {2002-11},
 eprint = {12415248},
 eprinttype = {pmid},
 journal = {Nat. Rev. Drug Discovery},
 keyword = {Drug Design,Structure-Activity Relationship,Technology; Pharmaceutical},
 number = {11},
 pages = {882--894},
 timestamp = {2015-11-17T18:56:47Z},
 title = {Integration of virtual and high-throughput screening},
 volume = {1}
}

@article{bakan_prody_2011-2,
 author = {Bakan, Ahmet and Meireles, Lidio M. and Bahar, Ivet},
 date = {2011-06-01},
 eprint = {21471012},
 eprinttype = {pmid},
 journal = {Bioinformatics},
 keyword = {Computer graphics,Models; Molecular,Protein Conformation,Proteins,Software},
 number = {11},
 pages = {1575--1577},
 pmcid = {PMC3102222},
 timestamp = {2016-01-31T12:05:17Z},
 title = {{{ProDy}}: protein dynamics inferred from theory and experiments},
 volume = {27}
}

@article{bakan_prody_2011-3,
 author = {Bakan, A. and Meireles, L. M. and Bahar, I.},
 date = {2011-04},
 journaltitle = {Bioinformatics},
 link = {http://bioinformatics.oxfordjournals.org/cgi/doi/10.1093/\%0020bioinformatics/btr168},
 number = {11},
 pages = {1575--1577},
 timestamp = {2016-02-10T18:58:52Z},
 title = {{{ProDy}}: {{Protein Dynamics Inferred}} from {{Theory}} and {{Experiments}}},
 volume = {27}
}

@article{bakken_efficient_2002-1,
 author = {Bakken, Vebj\o{}rn and Helgaker, Trygve},
 date = {2002-11-22},
 journaltitle = {The Journal of Chemical Physics},
 keyword = {Ab initio calculations,Finite difference methods},
 link = {http://scitation.aip.org/content/aip/journal/jcp/117/20/10.1063/1.1515483},
 number = {20},
 pages = {9160--9174},
 timestamp = {2015-11-17T22:41:05Z},
 title = {The efficient optimization of molecular geometries using redundant internal coordinates},
 urldate = {2015-11-17},
 volume = {117}
}

@article{bang_total_2005,
 author = {Bang, Duhee and Makhatadze, George I. and Tereshko, Valentina and Kossiakoff, Anthony A. and Kent, Stephen B.},
 date = {2005-06-20},
 journal = {Angew. Chem. Int. Ed.},
 keyword = {chemical ligation,diastereomers,protein structures,protein synthesis,X-Ray Diffraction},
 langid = {english},
 link = {http://onlinelibrary.wiley.com/doi/10.1002/anie.200463040/abstract},
 number = {25},
 pages = {3852--3856},
 timestamp = {2016-04-05T11:17:28Z},
 title = {Total {{Chemical Synthesis}} and {{X}}-ray {{Crystal Structure}} of a {{Protein Diastereomer}}: [{{D-Gln}}\,35]{{Ubiquitin}}},
 urldate = {2016-04-05},
 volume = {44}
}

@misc{barcelona_supercomputing_center_marenostrum_2015,
 author = {Barcelona Supercomputing Center},
 date = {2015-08-05},
 langid = {english},
 publisher = {Barcelona Supercomputing Center},
 timestamp = {2016-02-10T21:29:55Z},
 title = {{{MareNostrum III User}}'s {{Guide}}}
}

@misc{barcelona_supercomputing_center_minotauro_2015,
 author = {Barcelona Supercomputing Center},
 date = {2015-08-05},
 publisher = {Barcelona Supercomputing Center},
 timestamp = {2016-02-10T21:29:50Z},
 title = {{{MinoTauro User}}'s guide}
}

@article{baxter_flexible_1998,
 author = {Baxter, C. A. and Murray, C. W. and Clark, D. E. and Westhead, D. R. and Eldridge, M. D.},
 date = {1998-11-15},
 eprint = {9829696},
 eprinttype = {pmid},
 journal = {Proteins},
 keyword = {Algorithms,Computer-Aided Design,Dipeptides,Drug Design,Ligands,Models; Molecular,Piperidines,Protein Conformation,Receptors; Drug,Thrombin},
 number = {3},
 pages = {367--382},
 timestamp = {2015-11-17T19:55:16Z},
 title = {Flexible docking using {{Tabu}} search and an empirical estimate of binding affinity},
 volume = {33}
}

@article{beauchamp_are_2012,
 author = {Beauchamp, Kyle A. and Lin, Yu-Shan and Das, Rhiju and Pande, Vijay S.},
 date = {2012-04-10},
 eprint = {22754404},
 eprinttype = {pmid},
 journal = {J. Chem. Theory Comput.},
 link = {http://www.ncbi.nlm.nih.gov/pmc/articles/PMC3383641/},
 number = {4},
 pages = {1409--1414},
 pmcid = {PMC3383641},
 timestamp = {2016-04-05T10:49:37Z},
 title = {Are {{Protein Force Fields Getting Better}}? {{A Systematic Benchmark}} on 524 {{Diverse NMR Measurements}}},
 urldate = {2016-04-05},
 volume = {8}
}

@article{berendsen_gromacs_1995,
 author = {Berendsen, HJC and van der Spoel, D. and van Drunen, Rudi},
 date = {1995},
 journaltitle = {Comp. Phys. Comm.},
 number = {1-3},
 options = {useprefix=true},
 pages = {43--56},
 timestamp = {2016-01-31T20:38:20Z},
 title = {{{GROMACS}}: {{A}} message-passing parallel molecular dynamics implementation},
 volume = {91}
}

@article{berendsen_gromacs_1995-2,
 author = {Berendsen, H. J. C. and Spoel, D. Van Der and Drunen, R. Van},
 date = {1995},
 journaltitle = {Comp. Phys. Comm.},
 pages = {43--56},
 timestamp = {2016-02-10T18:58:51Z},
 title = {Gromacs: {{A}} message-passing parallel molecular dynamics implementation},
 volume = {91}
}

@article{berman_protein_2000,
 author = {Berman, H. M. and Westbrook, J. and Feng, Z. and Gilliland, G. and Bhat, T. N. and Weissig, H. and Shindyalov, I. N. and Bourne, P. E.},
 date = {2000-01-01},
 eprint = {10592235},
 eprinttype = {pmid},
 journal = {Nucleic Acids Res.},
 keyword = {Databases; Factual,Information Storage and Retrieval,Internet,Magnetic Resonance Spectroscopy,Protein Conformation,Proteins},
 number = {1},
 pages = {235--242},
 pmcid = {PMC102472},
 timestamp = {2015-11-17T19:00:58Z},
 title = {The {{Protein Data Bank}}},
 volume = {28}
}

@article{boehr_role_2009,
 author = {Boehr, David D. and Nussinov, Ruth and Wright, Peter E.},
 date = {2009-11},
 journal = {Nat. Chem. Biol.},
 langid = {english},
 link = {http://www.nature.com/nchembio/journal/v5/n11/full/nchembio.232.html},
 number = {11},
 pages = {789--796},
 timestamp = {2016-04-05T22:03:08Z},
 title = {The role of dynamic conformational ensembles in biomolecular recognition},
 urldate = {2016-04-05},
 volume = {5}
}

@article{boggon_structure_2004,
 author = {Boggon, Titus J. and Eck, Michael J.},
 date = {2004},
 journal = {Oncogene},
 keyword = {CD4/CD8,modular signaling,Src regulation},
 langid = {english},
 link = {http://www.nature.com/onc/journal/v23/n48/full/1208081a.html},
 number = {48},
 pages = {7918--7927},
 timestamp = {2016-04-05T10:02:22Z},
 title = {Structure and regulation of {{Src}} family kinases},
 urldate = {2016-04-05},
 volume = {23}
}

@incollection{bohacek_growmol_1999,
 author = {Bohacek, Regine and Mcmartin, Colin and Glunz, Peter and Rich, Daniel H.},
 booktitle = {Rational {{Drug Design}}},
 date = {1999},
 editor = {Truhlar, Donald G. and Howe, W. Jeffrey and Hopfinger, Anthony J. and Blaney, Jeff and Dammkoehler, Richard A.},
 keyword = {Mathematical and Computational Biology,Numerical Analysis},
 langid = {english},
 number = {108},
 pages = {103--114},
 publisher = {Springer New York},
 series = {The IMA Volumes in Mathematics and its Applications},
 timestamp = {2016-04-10T21:07:21Z},
 title = {Growmol, {{A De}} novo {{Computer Program}}, and its {{Application}} to {{Thermolysin}} and {{Pepsin}}: {{Results}} of the {{Design}} and {{Synthesis}} of a {{Novel Inhibitor}}}
}

@article{borrelli_pele_2005-2,
 author = {Borrelli, Kenneth W. and Vitalis, Andreas and Alcantara, Raul and Guallar, Victor},
 date = {2005-11-01},
 journal = {J. Chem. Theory Comput.},
 link = {http://dx.doi.org/10.1021/ct0501811},
 number = {6},
 pages = {1304--1311},
 timestamp = {2016-02-14T19:04:53Z},
 title = {{{PELE}}: {{Protein Energy Landscape Exploration}}. {{A Novel Monte Carlo Based Technique}}},
 urldate = {2015-11-17},
 volume = {1}
}

@article{bottegoni_systematic_2011,
 author = {Bottegoni, Giovanni and Rocchia, Walter and Rueda, Manuel and Abagyan, Ruben and Cavalli, Andrea},
 date = {2011},
 eprint = {21625529},
 eprinttype = {pmid},
 journal = {PLoS ONE},
 keyword = {Algorithms,Combinatorial Chemistry Techniques,Drug Design,Humans,Ligands,Protein Binding,Protein Conformation,Receptors; Cell Surface},
 number = {5},
 pages = {e18845},
 pmcid = {PMC3098722},
 timestamp = {2015-11-17T20:10:05Z},
 title = {Systematic exploitation of multiple receptor conformations for virtual ligand screening},
 volume = {6}
}

@inproceedings{bowers_scalable_2006,
 author = {Bowers, K. J. and Chow, D. E. and Xu, H. and Dror, R. O. and Eastwood, M. P. and Gregersen, B. A. and Klepeis, J. L. and Kolossvary, I. and Moraes, M. A. and Sacerdoti, F. D. and Salmon, J. K. and Shan, Y. and Shaw, D. E.},
 booktitle = {Proceedings of the {{ACM}}/{{IEEE SC}} 2006 {{Conference}}},
 date = {2006-11},
 eventtitle = {Proceedings of the ACM/IEEE SC 2006 Conference},
 keyword = {Acceleration,biology computing,biomolecular system,clustering algorithms,Code standards,commodity cluster,Computational modeling,Computer aided instruction,Discrete event simulation,distributed memory systems,Heuristic algorithms,Message passing,message-passing technique,molecular biophysics,molecular dynamics method,Molecular Dynamics Simulation,numerical technique,parallel decomposition method,parallel programming,parallel scalability,Pharmaceuticals,processor-level vector instruction,Scalability,Throughput},
 pages = {43--43},
 timestamp = {2016-04-05T11:40:33Z},
 title = {Scalable {{Algorithms}} for {{Molecular Dynamics Simulations}} on {{Commodity Clusters}}}
}

@article{braun_formulation_1984,
 author = {Braun, Werner and Yoshioki, Shuzo and G\={o}, Nobuhiro},
 date = {1984-09-15},
 journal = {J. Phys. Soc. Jpn.},
 link = {http://journals.jps.jp/doi/abs/10.1143/JPSJ.53.3269},
 number = {9},
 pages = {3269--3275},
 timestamp = {2015-11-18T01:11:26Z},
 title = {Formulation of {{Static}} and {{Dynamic Conformational Energy Analysis}} of {{Biopolymer Systems Consisting}} of {{Two}} or {{More Molecules}}},
 urldate = {2015-11-18},
 volume = {53}
}

@article{bray_optimized_2011,
 author = {Bray, Jenelle~K. and Weiss, Dahlia~R. and Levitt, Michael},
 date = {2011-12-21},
 eprint = {22208195},
 eprinttype = {pmid},
 journal = {Biophys. J.},
 link = {http://www.ncbi.nlm.nih.gov/pmc/articles/PMC3244061/},
 number = {12},
 pages = {2966--2969},
 pmcid = {PMC3244061},
 timestamp = {2016-03-30T09:23:57Z},
 title = {Optimized {{Torsion-Angle Normal Modes Reproduce Conformational Changes More Accurately Than Cartesian Modes}}},
 urldate = {2016-03-30},
 volume = {101}
}

@article{bruschweiler_collective_1995,
 author = {Br{\"u}schweiler, Rafael},
 date = {1995-02-22},
 journaltitle = {The Journal of Chemical Physics},
 keyword = {Angular correlation,Nuclear magnetic resonance,Nuclear spin,Proteins,Spin relaxation},
 link = {http://scitation.aip.org/content/aip/journal/jcp/102/8/10.1063/1.469213},
 number = {8},
 pages = {3396--3403},
 timestamp = {2016-03-02T09:36:57Z},
 title = {Collective protein dynamics and nuclear spin relaxation},
 urldate = {2016-03-02},
 volume = {102}
}

@article{bystroff_crystal_1991,
 author = {Bystroff, C. and Kraut, J.},
 date = {1991-02-26},
 eprint = {1998681},
 eprinttype = {pmid},
 journal = {Biochemistry},
 keyword = {Amino Acid Sequence,Apoenzymes,Binding Sites,Escherichia coli,Ligands,Models; Molecular,Protein Conformation,Tetrahydrofolate Dehydrogenase,X-Ray Diffraction},
 number = {8},
 pages = {2227--2239},
 timestamp = {2015-11-17T19:51:02Z},
 title = {Crystal structure of unliganded {{Escherichia}} coli dihydrofolate reductase. {{Ligand}}-induced conformational changes and cooperativity in binding},
 volume = {30}
}

@article{cabeza_de_vaca_new_2015,
 author = {Cabeza de Vaca, Israel and Lucas, Maria F{\'a}tima and Guallar, Victor},
 date = {2015-11-03},
 journal = {J. Chem. Theory Comput.},
 link = {http://dx.doi.org/10.1021/acs.jctc.5b00838},
 timestamp = {2016-02-15T19:11:15Z},
 title = {New {{Monte Carlo Based Technique To Study DNA-Ligand Interactions}}},
 urldate = {2015-11-18}
}

@article{calinski_dendrite_1974-1,
 author = {Calinski, T. and Harabasz, J},
 date = {1974},
 journaltitle = {Communications in Statistics},
 number = {1},
 pages = {1--27},
 timestamp = {2016-02-10T18:58:51Z},
 title = {A dendrite method for cluster analysis},
 volume = {3}
}

@misc{cder_2013_2014,
 author = {CDER,},
 date = {2014-01},
 keyword = {<CDER>},
 publisher = {US Food and Drug Administration, Center for Drug Evaluation and Research},
 timestamp = {2015-11-17T17:46:53Z},
 title = {2013 {{Novel New Drugs}}}
}

@article{chen_deciphering_2007,
 author = {Chen, Yiwen and Campbell, Sharon L. and Dokholyan, Nikolay V.},
 date = {2007-10-01},
 journal = {Biophys. J.},
 link = {http://www.sciencedirect.com/science/article/pii/S0006349507714844},
 number = {7},
 pages = {2300--2306},
 timestamp = {2016-04-05T11:23:56Z},
 title = {Deciphering {{Protein Dynamics}} from {{NMR Data Using Explicit Structure Sampling}} and {{Selection}}},
 urldate = {2016-04-05},
 volume = {93}
}

@article{chen_implicit_2008,
 author = {Chen, Jianhan and Iii, Charles L. Brooks},
 date = {2008-01-08},
 journal = {Phys. Chem. Chem. Phys.},
 langid = {english},
 link = {http://pubs.rsc.org/en/content/articlelanding/2008/cp/b714141f},
 number = {4},
 pages = {471--481},
 timestamp = {2016-04-07T18:14:08Z},
 title = {Implicit modeling of nonpolar solvation for simulating protein folding and conformational transitions},
 urldate = {2016-04-07},
 volume = {10}
}

@article{choi_updating_2006-1,
 author = {Choi, Vicky},
 eprint = {16426078},
 eprinttype = {pmid},
 journal = {J. Chem. Inf. Model.},
 number = {1},
 pages = {438--444},
 timestamp = {2016-03-31T19:45:13Z},
 title = {On updating torsion angles of molecular conformations},
 volume = {46}
}

@article{chong_new_2007,
 author = {Chong, Curtis R. and Sullivan, David J.},
 date = {2007-08-09},
 journal = {Nature},
 keyword = {Chong},
 langid = {english},
 link = {http://www.nature.com/nature/journal/v448/n7154/full/448645a.html},
 number = {7154},
 pages = {645--646},
 timestamp = {2015-11-17T18:24:53Z},
 title = {New uses for old drugs},
 urldate = {2015-11-17},
 volume = {448}
}

@article{cino_comparison_2012,
 author = {Cino, Elio A. and Choy, Wing-Yiu and Karttunen, Mikko},
 date = {2012-08-14},
 journal = {J. Chem. Theory Comput.},
 link = {http://dx.doi.org/10.1021/ct300323g},
 number = {8},
 pages = {2725--2740},
 timestamp = {2015-11-17T23:09:02Z},
 title = {Comparison of {{Secondary Structure Formation Using}} 10 {{Different Force Fields}} in {{Microsecond Molecular Dynamics Simulations}}},
 urldate = {2015-11-17},
 volume = {8}
}

@article{clark_prospective_2009,
 author = {Clark, Robert},
 date = {2009-06-01},
 journaltitle = {Current Topics in Medicinal Chemistry},
 langid = {english},
 link = {http://www.eurekaselect.com/openurl/content.php?genre=article&issn=1568-0266&volume=9&issue=9&spage=791},
 number = {9},
 pages = {791--810},
 timestamp = {2015-11-17T18:48:23Z},
 title = {Prospective {{Ligand}}- and {{Target-Based 3D QSAR}}: {{State}} of the {{Art}} 2008},
 urldate = {2015-11-17},
 volume = {9}
}

@article{cock_biopython_2009-1,
 author = {Cock, Peter J A and Antao, Tiago and Chang, Jeffrey T and Chapman, Brad A and Cox, Cymon J and Dalke, Andrew and Friedberg, Iddo and Hamelryck, Thomas and Kauff, Frank and Wilczynski, Bartek and de Hoon, Michiel J L},
 date = {2009-06-01},
 eprint = {19304878},
 eprinttype = {pmid},
 journal = {Bioinformatics},
 keyword = {Computational Biology,Databases; Factual,Internet,Programming Languages,Software},
 number = {11},
 options = {useprefix=true},
 pages = {1422--1423},
 timestamp = {2016-02-07T17:59:29Z},
 title = {Biopython: freely available {{Python}} tools for computational molecular biology and bioinformatics},
 volume = {25}
}

@article{cole_molecular_2015,
 author = {Cole, Daniel J. and Tirado-Rives, Julian and Jorgensen, William L.},
 date = {2015-05},
 journal = {Biochim. Biophys. Acta, Gen. Subj},
 keyword = {Enhanced sampling,Free energy perturbation,Non-nucleoside inhibitors of HIV-1 reverse transcriptase,Replica exchange with solute tempering},
 link = {http://www.sciencedirect.com/science/article/pii/S0304416514003018},
 number = {5},
 pages = {966--971},
 series = {Recent developments of molecular dynamics},
 timestamp = {2016-04-05T10:10:27Z},
 title = {Molecular dynamics and {{Monte Carlo}} simulations for protein\textendash{}ligand binding and inhibitor design},
 urldate = {2016-04-05},
 volume = {1850}
}

@article{cossins_exploration_2012,
 author = {Cossins, Benjamin P. and Hosseini, Ali and Guallar, Victor},
 date = {2012-03-13},
 journal = {J. Chem. Theory Comput.},
 link = {http://dx.doi.org/10.1021/ct200675g},
 number = {3},
 pages = {959--965},
 timestamp = {2015-11-17T21:52:22Z},
 title = {Exploration of {{Protein Conformational Change}} with {{PELE}} and {{Meta-Dynamics}}},
 urldate = {2015-11-17},
 volume = {8}
}

@article{csermely_induced_2010,
 author = {Csermely, Peter and Palotai, Robin and Nussinov, Ruth},
 date = {2010-10-01},
 eprint = {20541943,\%002020541943},
 eprinttype = {pmid},
 journal = {Trends Biochem. Sci},
 langid = {english},
 link = {http://www.cell.com/article/S0968000410000885/abstract},
 number = {10},
 pages = {539--546},
 timestamp = {2016-04-05T22:03:27Z},
 title = {Induced fit, conformational selection and independent dynamic segments: an extended view of binding events},
 urldate = {2016-04-05},
 volume = {35}
}

@article{cutler_proteomics_2015,
 author = {Cutler, Paul and Voshol, Hans},
 date = {2015-08},
 eprint = {25763573},
 eprinttype = {pmid},
 journal = {Proteomics Clin. Appl.},
 keyword = {Cutler},
 number = {7-8},
 pages = {643--650},
 timestamp = {2015-11-17T18:26:12Z},
 title = {Proteomics in pharmaceutical research and development},
 volume = {9}
}

@article{daura_folding-unfolding_1999-1,
 author = {Daura, X and van Gunsteren, W F and Mark, A E},
 date = {1999},
 journaltitle = {Proteins},
 number = {3},
 options = {useprefix=true},
 pages = {269--280},
 timestamp = {2016-02-10T18:58:51Z},
 title = {Folding-unfolding thermodynamics of a beta-heptapeptide from equilibrium simulations},
 volume = {34}
}

@article{daura_peptide_1999,
 author = {Daura, Xavier and Gademann, Karl and Jaun, Bernhard and Seebach, Dieter and van Gunsteren, Wilfred F. and Mark, Alan E.},
 date = {1999},
 journal = {Angew. Chem., Int. Ed. Engl.},
 number = {1-2},
 options = {useprefix=true},
 pages = {236--240},
 timestamp = {2016-02-10T18:58:51Z},
 title = {Peptide {{Folding}}: {{When Simulation Meets Experiment}}},
 volume = {38}
}

@article{davies_cluster_1979,
 author = {Davies, David L. and Bouldin, Donald W.},
 date = {1979-04},
 journaltitle = {IEEE Transactions on Pattern Analysis and Machine Intelligence},
 number = {2},
 pages = {224--227},
 timestamp = {2016-02-10T18:58:51Z},
 title = {A {{Cluster Separation Measure}}},
 volume = {PAMI-1}
}

@article{de_beer_role_2010,
 author = {de Beer, Stephanie and Vermeulen, Nico and Oostenbrink, Chris},
 date = {2010-01-01},
 journaltitle = {Current Topics in Medicinal Chemistry},
 langid = {english},
 link = {http://www.eurekaselect.com/openurl/content.php?genre=article&issn=1568-0266&volume=10&issue=1&spage=55},
 number = {1},
 options = {useprefix=true},
 pages = {55--66},
 timestamp = {2015-11-17T19:32:56Z},
 title = {The {{Role}} of {{Water Molecules}} in {{Computational Drug Design}}},
 urldate = {2015-11-17},
 volume = {10}
}

@article{de_groot_extended_1996,
 author = {de Groot, B.L. and Amadei, A. and Scheek, R. M. and van Nuland, N.A.J. and Berendsen, H. J. C.},
 date = {1996-11},
 journal = {Proteins},
 keyword = {distance restraints,essential dynamics,HIGH-RESOLUTION STRUCTURE,molecular dynamics,NMR,nuclear magnetic resonance,nuclear Overhauser effect,PHOSPHOCARRIER PROTEIN HPR,protein structure,RESTRAINED MOLECULAR-DYNAMICS,SYSTEMS},
 note = {Journal OV V760 ROTEIN-STRUCT FUNCT GENET},
 number = {3},
 options = {useprefix=true},
 pages = {314 -- 322},
 timestamp = {2015-11-18T00:57:50Z},
 title = {An extended sampling of the configurational space of {{HPr}} from {{E}}-coli},
 volume = {26}
}

@article{de_vivo_role_2016,
 author = {De Vivo, Marco and Masetti, Matteo and Bottegoni, Giovanni and Cavalli, Andrea},
 date = {2016-01-25},
 journal = {J. Med. Chem.},
 link = {http://dx.doi.org/10.1021/acs.jmedchem.5b01684},
 timestamp = {2016-04-05T10:08:49Z},
 title = {Role of {{Molecular Dynamics}} and {{Related Methods}} in {{Drug Discovery}}},
 urldate = {2016-04-05}
}

@article{del_carpio-munoz_miax_2002,
 author = {Del Carpio-Mu{\~n}oz, Carlos Adriel and Ichiishi, Eiichiro and Yoshimori, Atsushi and Yoshikawa, Toshikazu},
 date = {2002-09-01},
 journal = {Proteins},
 keyword = {docking,epitopes,filtering,modeling,protein complex,protein interaction,self-organizing map or Kohonenen networks,simulated annealing},
 langid = {english},
 link = {http://onlinelibrary.wiley.com/doi/10.1002/prot.10122/abstract},
 number = {4},
 pages = {696--732},
 timestamp = {2016-02-15T19:10:48Z},
 title = {{{MIAX}}: {{A}} new paradigm for modeling biomacromolecular interactions and complex formation in condensed phases},
 urldate = {2015-11-17},
 volume = {48}
}

@article{delarue_simplified_2002,
 author = {Delarue, M. and Sanejouand, Y.-H.},
 date = {2002-07-26},
 eprint = {12126621},
 eprinttype = {pmid},
 journal = {J. Mol. Biol.},
 keyword = {Computer Simulation,DNA-Directed DNA Polymerase,DNA-Directed RNA Polymerases,Mathematical Computing,Models; Molecular,Neural Networks (Computer),Protein Conformation},
 number = {5},
 pages = {1011--1024},
 timestamp = {2015-11-17T21:47:47Z},
 title = {Simplified normal mode analysis of conformational transitions in {{DNA}}-dependent polymerases: the elastic network model},
 volume = {320}
}

@article{diamond_note_1988,
 author = {Diamond, R.},
 date = {1988},
 journaltitle = {Acta Crystallographica Section A Foundations of Crystallography},
 number = {44},
 pages = {211--216},
 timestamp = {2013-04-16T10:19:00Z},
 title = {A {{Note}} on the {{Rotational Superposition Problem}}},
 volume = {A}
}

@article{dimasi_cost_2015,
 author = {DiMasi, Joseph A. and Grabowski, Henry G. and Hansen, Ronald W.},
 date = {2015-05-14},
 eprint = {25970070},
 eprinttype = {pmid},
 journal = {N. Engl. J. Med.},
 link = {http://dx.doi.org/10.1056/NEJMc1504317},
 number = {20},
 pages = {1972--1972},
 timestamp = {2016-02-12T12:19:41Z},
 title = {The {{Cost}} of {{Drug Development}}},
 urldate = {2016-02-12},
 volume = {372}
}

@article{dimasi_price_2003,
 author = {DiMasi, Joseph and Hansen, Ronald W. and Grabowski, Henry G.},
 date = {2003},
 journaltitle = {Journal of Health Economics},
 keyword = {<DiMasi>},
 link = {http://econpapers.repec.org/article/eeejhecon/v_3a22_3ay_3a2003_3ai_3a2_3ap_3a151-185.htm},
 number = {2},
 pages = {151--185},
 timestamp = {2015-11-17T17:50:00Z},
 title = {The price of innovation: new estimates of drug development costs},
 urldate = {2015-11-17},
 volume = {22}
}

@inproceedings{ding_min-max_2001-1,
 author = {Ding, Chris H. Q. and He, Xiaofeng and Zha, Hongyuan and Gu, Ming and Simon, Horst D.},
 booktitle = {Proceedings of the 2001 {{IEEE International Conference}} on {{Data Mining}}},
 date = {2001},
 location = {Washington, DC, USA},
 pages = {107--114},
 publisher = {IEEE Computer Society},
 series = {ICDM '01},
 timestamp = {2016-04-10T21:17:40Z},
 title = {A {{Min}}-max {{Cut Algorithm}} for {{Graph Partitioning}} and {{Data Clustering}}}
}

@article{dodson_molecular_2008,
 author = {Dodson, Guy G and Lane, David P and Verma, Chandra S},
 date = {2008-02},
 eprint = {18246106},
 eprinttype = {pmid},
 journal = {EMBO Rep.},
 link = {http://www.ncbi.nlm.nih.gov/pmc/articles/PMC2246404/},
 number = {2},
 pages = {144--150},
 pmcid = {PMC2246404},
 timestamp = {2015-11-17T23:17:11Z},
 title = {Molecular simulations of protein dynamics: new windows on mechanisms in biology},
 urldate = {2015-11-17},
 volume = {9}
}

@article{doman_molecular_2002,
 author = {Doman, Thompson N. and McGovern, Susan L. and Witherbee, Bryan J. and Kasten, Thomas P. and Kurumbail, Ravi and Stallings, William C. and Connolly, Daniel T. and Shoichet, Brian K.},
 date = {2002-05-23},
 eprint = {12014959},
 eprinttype = {pmid},
 journal = {J. Med. Chem.},
 keyword = {Benzene Derivatives,Crystallography; X-Ray,Databases; Factual,Enzyme Inhibitors,Heterocyclic Compounds,Ligands,Models; Molecular,Protein Binding,Protein Tyrosine Phosphatase; Non-Receptor Type 1,Protein Tyrosine Phosphatases,Structure-Activity Relationship},
 number = {11},
 pages = {2213--2221},
 timestamp = {2015-11-17T19:33:57Z},
 title = {Molecular docking and high-throughput screening for novel inhibitors of protein tyrosine phosphatase-{{1B}}},
 volume = {45}
}

@incollection{donald_w_light_basic_2006,
 author = {Donald W Light},
 booktitle = {Monitoring the {{Financial Flows}} for {{Health Research}} 2005:{{Behind}} the {{Global Numbers}}},
 date = {2006},
 keyword = {Light2006},
 location = {Geneva},
 pages = {27--45},
 publisher = {Global Forum for Health Research},
 timestamp = {2015-11-17T18:16:18Z},
 title = {Basic {{Research Funds}} to {{Discover Important New Drugs}}: who contributes how much?}
}

@article{dror_biomolecular_2012,
 author = {Dror, Ron O. and Dirks, Robert M. and Grossman, J. P. and Xu, Huafeng and Shaw, David E.},
 date = {2012},
 eprint = {22577825},
 eprinttype = {pmid},
 journaltitle = {Annual Review of Biophysics},
 keyword = {Anton,drug binding,millisecond timescale,Molecular dynamics,Protein Folding},
 link = {http://dx.doi.org/10.1146/annurev-biophys-042910-155245},
 number = {1},
 pages = {429--452},
 timestamp = {2015-11-17T23:17:45Z},
 title = {Biomolecular {{Simulation}}: {{A Computational Microscope}} for {{Molecular Biology}}},
 urldate = {2015-11-17},
 volume = {41}
}

@article{dror_novel_2009,
 author = {Dror, Oranit and Schneidman-Duhovny, Dina and Inbar, Yuval and Nussinov, Ruth and Wolfson, Haim J.},
 date = {2009-10-26},
 journaltitle = {Journal of Chemical Information and Modeling},
 langid = {english},
 link = {http://pubs.acs.org/doi/abs/10.1021/ci900263d},
 number = {10},
 pages = {2333--2343},
 timestamp = {2015-11-17T18:48:59Z},
 title = {Novel {{Approach}} for {{Efficient Pharmacophore-Based Virtual Screening}}: {{Method}} and {{Applications}}},
 urldate = {2015-11-17},
 volume = {49}
}

@article{dunn_fuzzy_1973-1,
 author = {Dunn, J. C.},
 date = {1973},
 journaltitle = {Cybernetics and Systems},
 number = {3},
 pages = {32--57},
 timestamp = {2016-02-10T18:58:51Z},
 title = {A {{Fuzzy Relative}} of the {{ISODATA Process}} and {{Its Use}} in {{Detecting Compact Well-Separated Clusters}}},
 volume = {3}
}

@article{eckart_studies_1935,
 author = {Eckart, Carl},
 date = {1935-04-01},
 journal = {Phys. Rev. A},
 link = {http://link.aps.org/doi/10.1103/PhysRev.47.552},
 number = {7},
 pages = {552--558},
 timestamp = {2015-11-18T01:10:16Z},
 title = {Some {{Studies Concerning Rotating Axes}} and {{Polyatomic Molecules}}},
 urldate = {2015-11-18},
 volume = {47}
}

@article{edman_ligand_2015,
 author = {Edman, Karl and Hosseini, Ali and Bjursell, Magnus K. and Aagaard, Anna and Wissler, Lisa and Gunnarsson, Anders and Kaminski, Tim and K{\"o}hler, Christian and B{\"a}ckstr{\"o}m, Stefan and Jensen, Tina J. and Cavallin, Anders and Karlsson, Ulla and Nilsson, Ewa and Lecina, Daniel and Takahashi, Ryoji and Grebner, Christoph and Geschwindner, Stefan and Lepist{\"o}, Matti and Hogner, Anders C. and Guallar, Victor},
 date = {2015-12-01},
 eprint = {26602186},
 eprinttype = {pmid},
 journal = {Structure},
 number = {12},
 pages = {2280--2290},
 timestamp = {2016-04-10T21:11:58Z},
 title = {Ligand {{Binding Mechanism}} in {{Steroid Receptors}}: {{From Conserved Plasticity}} to {{Differential Evolutionary Constraints}}},
 volume = {23}
}

@misc{efpia_pharmaceutical_2014,
 author = {{EFPIA},},
 date = {2014},
 publisher = {European Federation of Pharmaceutical Industries and Associations},
 timestamp = {2016-01-30T20:45:44Z},
 title = {The {{Pharmaceutical Industry}} in {{Figures}}}
}

@article{endres_new_2003,
 author = {Endres, D. M. and Schindelin, J. E.},
 date = {2003-07},
 journaltitle = {IEEE Transactions on Information Theory},
 number = {7},
 pages = {1858--1860},
 timestamp = {2016-03-30T14:13:20Z},
 title = {A new metric for probability distributions},
 volume = {49}
}

@article{endres_new_2003-1,
 author = {Endres, D. M. and Schindelin, J. E.},
 date = {2003-07},
 journaltitle = {IEEE Transactions on Information Theory},
 keyword = {Adaptive estimation,Algorithm design and analysis,asymptotic approximation,Bayesian interpretation,Bayesian methods,Bayes methods,bounded information-theoretically motivated metric,capacitory discrimination,Convergence,Gaussian noise,Information theory,Iterative algorithms,Jensen-Shannon divergence,Probability,Probability distribution,probability distributions,square root,Wavelet analysis,White noise,Writing,2 distance},
 number = {7},
 pages = {1858--1860},
 timestamp = {2016-04-05T11:49:15Z},
 title = {A new metric for probability distributions},
 volume = {49}
}

@article{erickson_lessons_2004,
 author = {Erickson, Jon A. and Jalaie, Mehran and Robertson, Daniel H. and Lewis, Richard A. and Vieth, Michal},
 date = {2004-01-01},
 eprint = {14695819},
 eprinttype = {pmid},
 journal = {J. Med. Chem.},
 keyword = {Algorithms,Crystallography; X-Ray,Databases; Factual,Ligands,Models; Molecular,Molecular Structure,Proteins,Structure-Activity Relationship},
 number = {1},
 pages = {45--55},
 timestamp = {2015-11-17T19:52:31Z},
 title = {Lessons in molecular recognition: the effects of ligand and protein flexibility on molecular docking accuracy},
 volume = {47}
}

@article{esteban-martin_correlated_2014,
 author = {Esteban-Mart{\'\i}n, Santiago and Fenwick, Robert Bryn and \AA{}d{\'e}n, J{\"o}rgen and Cossins, Benjamin and Bertoncini, Carlos W. and Guallar, Victor and Wolf-Watz, Magnus and Salvatella, Xavier},
 journal = {PLoS Comput. Biol.},
 keyword = {Allosteric Regulation,Enzymes,Gene pool,Genetic algorithms,Multiple alignment calculation,Nuclear magnetic resonance,Perturbation (geology),Protein structure comparison},
 link = {http://journals.plos.org/ploscompbiol/article?id=10.1371/journal.pcbi.1003721},
 number = {7},
 pages = {e1003721},
 timestamp = {2016-04-05T10:35:44Z},
 title = {Correlated {{Inter-Domain Motions}} in {{Adenylate Kinase}}},
 urldate = {2016-04-05},
 volume = {10}
}

@article{ester_density-based_1996,
 author = {Ester, Martin and Kriegel, Hans-peter and S, Jorg and Xu, Xiaowei},
 date = {1996},
 pages = {226--231},
 timestamp = {2016-02-10T18:58:50Z},
 title = {A density-based algorithm for discovering clusters in large spatial databases with noise}
}

@article{eyal_anisotropic_2006,
 author = {Eyal, Eran and Yang, Lee-Wei and Bahar, Ivet},
 date = {2006-11-01},
 eprint = {16928735},
 eprinttype = {pmid},
 journal = {Bioinformatics},
 keyword = {Algorithms,Anisotropy,Computer Simulation,Internet,Models; Chemical,Models; Molecular,Proteins,Sequence Analysis; Protein,Software,Software Validation,User-Computer Interface},
 number = {21},
 pages = {2619--2627},
 timestamp = {2015-11-17T22:29:23Z},
 title = {Anisotropic network model: systematic evaluation and a new web interface},
 volume = {22}
}

@article{eyer_nucleoside_2015,
 author = {Eyer, Lud{\v e}k and Vald{\'e}s, James J. and Gil, Victor A. and Nencka, Radim and H{\v r}ebabeck{\'y}, Hubert and {\v S}{\'a}la, Michal and Sal{\'a}t, Ji{\v r}{\'\i} and {\v C}ern{\'y}, Ji{\v r}{\'\i} and Palus, Martin and Clercq, Erik De and R\r{u}{\v z}ek, Daniel},
 date = {2015-01-09},
 eprint = {26124166},
 eprinttype = {pmid},
 journal = {Antimicrob. Agents Chemother.},
 langid = {english},
 link = {http://aac.asm.org/content/59/9/5483},
 number = {9},
 pages = {5483--5493},
 timestamp = {2016-04-02T18:43:15Z},
 title = {Nucleoside {{Inhibitors}} of {{Tick-Borne Encephalitis Virus}}},
 urldate = {2016-04-02},
 volume = {59}
}

@article{fasshuber_structural_2015,
 author = {Fasshuber, Hannes Klaus and Lakomek, Nils-Alexander and Habenstein, Birgit and Loquet, Antoine and Shi, Chaowei and Giller, Karin and Wolff, Sebastian and Becker, Stefan and Lange, Adam},
 date = {2015-05-01},
 journal = {Prot. Sci.},
 keyword = {13C sparse labeling,dynamics,heterogeneity,solid-state NMR,ubiquitin},
 langid = {english},
 link = {http://onlinelibrary.wiley.com/doi/10.1002/pro.2654/abstract},
 number = {5},
 pages = {592--598},
 timestamp = {2016-04-05T11:20:34Z},
 title = {Structural heterogeneity in microcrystalline ubiquitin studied by solid-state {{NMR}}},
 urldate = {2016-04-05},
 volume = {24}
}

@book{fedorovsky_pyvib2_2007,
 author = {Fedorovsky, M.},
 date = {2007},
 link = {http://pyvib2.sourceforge.net},
 timestamp = {2013-06-05T15:26:42Z},
 title = {{{PyVib2}}, a program for analyzing vibrational motion and vibrational spectra}
}

@article{fernandez-fueyo_structural_2014,
 author = {Fern{\'a}ndez-Fueyo, Elena and Acebes, Sandra and Ruiz-Due{\~n}as, Francisco J. and Mart{\'\i}nez, Mar{\'\i}a Jes{\'u}s and Romero, Antonio and Medrano, Francisco Javier and Guallar, Victor and Mart{\'\i}nez, Angel T.},
 date = {2014-12-01},
 eprint = {25478843},
 eprinttype = {pmid},
 issue = {Pt 12},
 journal = {Acta Crystallogr., Sect D: Biol. Crystallogr.},
 keyword = {Benzothiazoles,Cations; Divalent,Ceriporiopsis subvermispora,Coriolaceae,Crystallography; X-Ray,C-terminal tail,Enzyme Stability,manganese peroxidase,Models; Molecular,Mutagenesis; Site-Directed,Oxidation-Reduction,Peroxidases,Protein Conformation,Protein Structure; Tertiary,Sulfonic Acids},
 pages = {3253--3265},
 pmcid = {PMC4257621},
 timestamp = {2015-11-24T11:52:54Z},
 title = {Structural implications of the {{C}}-terminal tail in the catalytic and stability properties of manganese peroxidases from ligninolytic fungi},
 volume = {70}
}

@article{fine_fastrun_1991,
 author = {Fine, R. and Dimmler, G. and Levinthal, C.},
 date = {1991},
 eprint = {1758880},
 eprinttype = {pmid},
 journal = {Proteins},
 keyword = {Computers,Computer Simulation,Molecular Structure},
 number = {4},
 pages = {242--253},
 timestamp = {2015-11-17T20:31:43Z},
 title = {{{FASTRUN}}: a special purpose, hardwired computer for molecular simulation},
 volume = {11}
}

@article{fischer_einfluss_????,
 author = {Fischer, E},
 journal = {Dtsch. Chem. Ges.},
 pages = {2984},
 timestamp = {2015-11-17T19:38:20Z},
 title = {Einfluss der {{Configuration}} auf die {{Wirkung}} der {{Enzyme}}.(1894) {{Ber}}},
 volume = {27}
}

@incollection{florence_tama_unveiling_2005,
 author = {{Florence Tama} and {Charles L. Brooks}},
 booktitle = {Normal {{Mode Analysis}}},
 date = {2005-12-12},
 pages = {111--135},
 publisher = {Chapman and Hall/CRC},
 series = {Chapman \& Hall/CRC Mathematical \& Computational Biology},
 timestamp = {2016-04-10T21:11:01Z},
 title = {Unveiling {{Molecular Mechanisms}} of {{Biological Functions}} in {{Large Macromolecular Assemblies Using Elastic Network Normal Mode Analysis}}},
 volumes = {0}
}

@article{foloppe_towards_????,
 author = {Foloppe, Nicolas and Chen, I-Jen},
 journal = {Bioorg. Med. Chem.},
 keyword = {Conformational dynamics,Drug discovery,Intramolecular energy,Molecular modelling,molecular recognition,Reorganization energy,Simulation},
 link = {http://www.sciencedirect.com/science/article/pii/S0968089616301729},
 timestamp = {2016-04-07T18:26:03Z},
 title = {Towards understanding the unbound state of drug compounds: {{Implications}} for the intramolecular reorganization energy upon binding},
 urldate = {2016-04-07}
}

@article{formaneck_use_2006,
 author = {Formaneck, M. and Cui, Q.},
 date = {2006},
 journal = {J. Comput. Chem.},
 pages = {1923},
 timestamp = {2016-04-07T18:19:44Z},
 title = {The use of a generalized born model for the analysis of protein conformational transitions: {{A}} comparative study with explicit solvent simulations for chemotaxis {{Y}} protein ({{CheY}})},
 volume = {27}
}

@article{fraccalvieri_self_2013,
 author = {Fraccalvieri, Domenico and Bonati, Laura and Stella, Fabio},
 date = {2013-09-30},
 eprint = {1309.7694},
 eprinttype = {arxiv},
 journaltitle = {Electronic Proceedings in Theoretical Computer Science},
 keyword = {Computer Science - Computational Engineering; Finance; and Science,Quantitative Biology - Biomolecules},
 link = {http://arxiv.org/abs/1309.7694},
 pages = {83--86},
 timestamp = {2016-01-31T19:03:50Z},
 title = {Self {{Organizing Maps}} to efficiently cluster and functionally interpret protein conformational ensembles},
 urldate = {2016-01-31},
 volume = {130}
}

@article{frappier_coarse-grained_2014,
 author = {Frappier, Vincent and Najmanovich, Rafael J.},
 date = {2014-04-24},
 journal = {PLoS Comput. Biol.},
 link = {http://dx.doi.org/10.1371/journal.pcbi.1003569},
 number = {4},
 pages = {e1003569},
 timestamp = {2015-11-18T01:04:20Z},
 title = {A {{Coarse-Grained Elastic Network Atom Contact Model}} and {{Its Use}} in the {{Simulation}} of {{Protein Dynamics}} and the {{Prediction}} of the {{Effect}} of {{Mutations}}},
 urldate = {2015-11-18},
 volume = {10}
}

@book{frenkel_understanding_2002,
 author = {Frenkel, Daan and Smit, Berend},
 date = {2002},
 edition = {2nd ed},
 keyword = {Computer Simulation,Intermolecular forces,Mathematical models,Molecules},
 location = {San Diego},
 number = {1},
 pagetotal = {638},
 publisher = {Academic Press},
 series = {Computational science series},
 timestamp = {2016-04-05T09:57:26Z},
 title = {Understanding molecular simulation: from algorithms to applications}
}

@article{friesner_glide_2004,
 author = {Friesner, Richard A. and Banks, Jay L. and Murphy, Robert B. and Halgren, Thomas A. and Klicic, Jasna J. and Mainz, Daniel T. and Repasky, Matthew P. and Knoll, Eric H. and Shelley, Mee and Perry, Jason K. and Shaw, David E. and Francis, Perry and Shenkin, Peter S.},
 date = {2004-03-01},
 journal = {J. Med. Chem.},
 link = {http://dx.doi.org/10.1021/jm0306430},
 number = {7},
 pages = {1739--1749},
 timestamp = {2016-02-15T15:09:17Z},
 title = {Glide: {{A New Approach}} for {{Rapid}}, {{Accurate Docking}} and {{Scoring}}. 1. {{Method}} and {{Assessment}} of {{Docking Accuracy}}},
 urldate = {2015-11-17},
 volume = {47}
}

@article{ganoth_ubiquitin_2013,
 author = {Ganoth, Assaf and Tsfadia, Yossi and Wiener, Reuven},
 date = {2013-11},
 journal = {J. Mol. Graphics Modell.},
 keyword = {Computer simulations,Molecular dynamics,Molecular modeling,ubiquitin},
 link = {http://www.sciencedirect.com/science/article/pii/S1093326313001617},
 pages = {29--40},
 timestamp = {2016-04-05T11:35:59Z},
 title = {Ubiquitin: {{Molecular}} modeling and simulations},
 urldate = {2016-04-05},
 volume = {46}
}

@incollection{gelman_efficient_1996,
 author = {Gelman, A and Roberts, GO and Gilks, WR},
 booktitle = {Bayesian statistics, 5 ({{Alicante}}, 1994)},
 date = {1996},
 keyword = {mcmc},
 pages = {599--607},
 publisher = {Oxford Univ. Press},
 timestamp = {2016-04-05T13:12:17Z},
 title = {Efficient \{{{M}}\}etropolis jumping rules}
}

@article{genheden_will_2012,
 author = {Genheden, Samuel and Ryde, Ulf},
 date = {2012-05-30},
 journal = {Phys. Chem. Chem. Phys.},
 langid = {english},
 link = {http://pubs.rsc.org/en/content/articlelanding/2012/cp/c2cp23961b},
 number = {24},
 pages = {8662--8677},
 timestamp = {2016-04-05T11:04:45Z},
 title = {Will molecular dynamics simulations of proteins ever reach equilibrium?},
 urldate = {2016-04-05},
 volume = {14}
}

@article{ghosh_generalized_1998,
 author = {Ghosh, Avijit and Rapp, Chaya Sendrovic and Friesner, Richard A.},
 date = {1998-12-01},
 journal = {J. Phys. Chem. B},
 link = {http://dx.doi.org/10.1021/jp982533o},
 number = {52},
 pages = {10983--10990},
 timestamp = {2015-11-17T22:32:59Z},
 title = {Generalized {{Born Model Based}} on a {{Surface Integral Formulation}}},
 urldate = {2015-11-17},
 volume = {102}
}

@article{ghysels_comparative_2010,
 author = {Ghysels, A. and VAN SPEYBROECK, VERONIQUE and PAUWELS, EWALD and CATAK, SARON and BROOKS, BERNARD R. and VAN NECK, DIMITRI and WAROQUIER, MICHEL},
 date = {2010-04-15},
 eprint = {19813181},
 eprinttype = {pmid},
 journal = {J. Comput. Chem.},
 link = {http://www.ncbi.nlm.nih.gov/pmc/articles/PMC4245204/},
 number = {5},
 pages = {994--1007},
 pmcid = {PMC4245204},
 timestamp = {2016-03-30T09:26:00Z},
 title = {Comparative {{Study}} of {{Various Normal Mode Analysis Techniques Based}} on {{Partial Hessians}}},
 urldate = {2016-03-30},
 volume = {31}
}

@article{ghysels_mobile_2009,
 author = {Ghysels, A. and Van Speybroeck, V. and Pauwels, E. and Van Neck, D. and Brooks, B. R. and Waroquier, M.},
 date = {2009-05-12},
 journal = {J. Chem. Theory Comput.},
 link = {http://dx.doi.org/10.1021/ct800489r},
 number = {5},
 pages = {1203--1215},
 timestamp = {2016-03-30T09:26:42Z},
 title = {Mobile {{Block Hessian Approach}} with {{Adjoined Blocks}}: {{An Efficient Approach}} for the {{Calculation}} of {{Frequencies}} in {{Macromolecules}}},
 urldate = {2016-03-30},
 volume = {5}
}

@article{gil-redondo_vsdmip_2009,
 author = {Gil-Redondo, Rub{\'e}n and Estrada, Jorge and Morreale, Antonio and Herranz, Fernando and Sancho, Javier and Ortiz, Angel R.},
 date = {2009-03},
 eprint = {18941902},
 eprinttype = {pmid},
 journal = {J. Comput. Aided Mol. Des.},
 keyword = {Database Management Systems,Databases; Protein,Drug Design,Ligands,Protein Binding,Proteins,Small Molecule Libraries,Solvents},
 number = {3},
 pages = {171--184},
 timestamp = {2015-11-17T19:07:32Z},
 title = {{{VSDMIP}}: virtual screening data management on an integrated platform},
 volume = {23}
}

@article{gil_pyproct_2014-1,
 author = {Gil, V{\'\i}ctor A. and Guallar, V{\'\i}ctor},
 date = {2014-08-12},
 journal = {J. Chem. Theory Comput.},
 link = {http://dx.doi.org/10.1021/ct500306s},
 number = {8},
 pages = {3236--3243},
 timestamp = {2015-11-18T01:28:08Z},
 title = {{{pyProCT}}: {{Automated Cluster Analysis}} for {{Structural Bioinformatics}}},
 urldate = {2015-11-18},
 volume = {10}
}

@article{gil_pyrmsd_2013-1,
 author = {Gil, V{\'\i}ctor A. and Guallar, V{\'\i}ctor},
 date = {2013-07-10},
 eprint = {23846743},
 eprinttype = {pmid},
 journal = {Bioinformatics},
 langid = {english},
 link = {http://bioinformatics.oxfordjournals.org/content/early/2013/07/10/bioinformatics.btt402},
 pages = {btt402},
 timestamp = {2015-11-18T01:28:24Z},
 title = {{{pyRMSD}}: a {{Python}} package for efficient pairwise {{RMSD}} matrix calculation and handling},
 urldate = {2015-11-18}
}

@article{giovannelli_nonequilibrium_2014,
 author = {Giovannelli, Edoardo and Gellini, Cristina and Pietraperzia, Giangaetano and Cardini, Gianni and Chelli, Riccardo},
 date = {2014-10-14},
 journal = {J. Chem. Theory Comput.},
 link = {http://dx.doi.org/10.1021/ct500340b},
 number = {10},
 pages = {4273--4283},
 timestamp = {2015-11-18T01:14:39Z},
 title = {Nonequilibrium {{Candidate Monte Carlo Simulations}} with {{Configurational Freezing Schemes}}},
 urldate = {2015-11-18},
 volume = {10}
}

@article{glickman_ubiquitin-proteasome_2002,
 author = {Glickman, Michael H. and Ciechanover, Aaron},
 date = {2002-04-01},
 eprint = {11917093},
 eprinttype = {pmid},
 journaltitle = {Physiological Reviews},
 langid = {english},
 link = {http://physrev.physiology.org/content/82/2/373},
 number = {2},
 pages = {373--428},
 timestamp = {2016-04-05T11:08:33Z},
 title = {The {{Ubiquitin-Proteasome Proteolytic Pathway}}: {{Destruction}} for the {{Sake}} of {{Construction}}},
 urldate = {2016-04-05},
 volume = {82}
}

@book{goldstein_classical_1950,
 author = {Goldstein, Herbert},
 date = {1950},
 keyword = {book},
 publisher = {Addison-Wesley Pub. Co.},
 timestamp = {2016-04-10T21:07:39Z},
 title = {Classical mechanics}
}

@article{goozner_800_2004,
 author = {Goozner, Merril},
 date = {2004-11-01},
 eprint = {null},
 eprinttype = {pmid},
 journal = {J. Clin. Invest.},
 keyword = {Goozner},
 link = {http://www.ncbi.nlm.nih.gov/pmc/articles/PMC524318/},
 number = {9},
 pages = {1182},
 pmcid = {PMC524318},
 timestamp = {2016-02-15T19:06:22Z},
 title = {The \$800 million pill: The truth behind the cost of new drugs},
 urldate = {2015-11-17},
 volume = {114}
}

@article{gordon_approximate_1968,
 author = {Gordon, M. S. and Pople, J. A.},
 date = {1968-11-01},
 journal = {J. Chem. Phys.},
 link = {http://adsabs.harvard.edu/abs/1968JChPh..49.4643G},
 pages = {4643--4650},
 timestamp = {2015-11-18T01:06:13Z},
 title = {Approximate {{Self-Consistent Molecular-Orbital Theory}}. {{VI}}. {{INDO Calculated Equilibrium Geometries}}},
 urldate = {2015-11-18},
 volume = {49}
}

@article{gorfe_functional_2005,
 author = {Gorfe, Alemayehu A. and Caflisch, Amedeo},
 date = {2005-10},
 eprint = {16216580},
 eprinttype = {pmid},
 journal = {Structure},
 keyword = {Alzheimer Disease,Amino Acid Sequence,Amyloid beta-Protein Precursor,Amyloid Precursor Protein Secretases,Asparagine,Aspartic Acid Endopeptidases,Binding Sites,Catalysis,Computer Simulation,Crystallography; X-Ray,Endopeptidases,Enzyme Inhibitors,Humans,Hydrogen Bonding,Kinetics,Models; Molecular,Molecular Sequence Data,Oligopeptides,Protein Conformation,Protein Structure; Secondary,Protons,Serine,Substrate Specificity,Temperature,Tyrosine,Water},
 number = {10},
 pages = {1487--1498},
 timestamp = {2015-11-17T20:29:54Z},
 title = {Functional plasticity in the substrate binding site of beta-secretase},
 volume = {13}
}

@inproceedings{graham_gprof_1982,
 author = {Graham, Susan L. and Kessler, Peter B. and Mckusick, Marshall K.},
 booktitle = {Proceedings of the 1982 {{SIGPLAN Symposium}} on {{Compiler Construction}}},
 date = {1982},
 link = {http://doi.acm.org/10.1145/800230.806987},
 location = {New York, NY, USA},
 pages = {120--126},
 publisher = {ACM},
 series = {SIGPLAN '82},
 timestamp = {2015-11-17T22:55:01Z},
 title = {Gprof: {{A Call Graph Execution Profiler}}},
 urldate = {2015-11-17}
}

@article{grebner_binding_2016,
 author = {Grebner, Christoph and Iegre, Jessica and Ulander, Johan and Edman, Karl and Hogner, Anders and Tyrchan, Christian},
 date = {2016-03-14},
 journal = {J. Chem. Inf. Model.},
 link = {http://dx.doi.org/10.1021/acs.jcim.5b00744},
 timestamp = {2016-04-08T10:05:57Z},
 title = {Binding {{Mode}} and {{Induced Fit Predictions}} for {{Prospective Computational Drug Design}}},
 urldate = {2016-04-08}
}

@article{grenet_significance_2001,
 author = {Grenet, O.},
 date = {2001},
 journal = {Pharmacogenomics J.},
 langid = {english},
 link = {http://www.nature.com/tpj/journal/v1/n1/full/6500010a.html},
 number = {1},
 pages = {11--12},
 timestamp = {2015-11-17T18:28:46Z},
 title = {Significance of the human genome sequence to drug discovery},
 urldate = {2015-11-17},
 volume = {1}
}

@article{guntert_torsion_1997,
 author = {G{\"u}ntert, P. and Mumenthaler, C. and W{\"u}thrich, K.},
 date = {1997-10-17},
 eprint = {9367762},
 eprinttype = {pmid},
 journal = {J. Mol. Biol.},
 keyword = {Algorithms,Chemistry; Physical,Computer Simulation,DNA,Magnetic Resonance Spectroscopy,Mathematics,Models; Molecular,Nucleic Acid Conformation,Phosphoglycerate Kinase,Physicochemical Phenomena,Protein Conformation,Proteins,RNA,Software},
 number = {1},
 pages = {283--298},
 timestamp = {2015-11-18T01:07:07Z},
 title = {Torsion angle dynamics for {{NMR}} structure calculation with the new program {{DYANA}}},
 volume = {273}
}

@article{hagen_new_1992,
 author = {Hagen, L. and Kahng, A.B.},
 date = {1992},
 journaltitle = {IEEE Transactions on Computer-Aided Design of Integrated Circuits and Systems},
 number = {9},
 pages = {1074--1085},
 timestamp = {2016-02-10T18:58:52Z},
 title = {New spectral methods for ratio cut partitioning and clustering},
 volume = {11}
}

@article{hartshorn_diverse_2007,
 author = {Hartshorn, Michael J. and Verdonk, Marcel L. and Chessari, Gianni and Brewerton, Suzanne C. and Mooij, Wijnand T. M. and Mortenson, Paul N. and Murray, Christopher W.},
 date = {2007-02-22},
 eprint = {17300160},
 eprinttype = {pmid},
 journal = {J. Med. Chem.},
 keyword = {Binding Sites,Crystallography; X-Ray,Databases; Protein,Ligands,Models; Molecular,Molecular Structure,Protein Binding,Proteins,Quantitative Structure-Activity Relationship,Sequence Analysis; Protein},
 number = {4},
 pages = {726--741},
 timestamp = {2015-11-17T19:35:05Z},
 title = {Diverse, high-quality test set for the validation of protein-ligand docking performance},
 volume = {50}
}

@article{harvey_acemd_2009,
 author = {Harvey, M. J. and Giupponi, G. and Fabritiis, G. De},
 date = {2009-06-09},
 journal = {J. Chem. Theory Comput.},
 link = {http://dx.doi.org/10.1021/ct9000685},
 number = {6},
 pages = {1632--1639},
 timestamp = {2015-11-18T23:19:46Z},
 title = {{{ACEMD}}: {{Accelerating Biomolecular Dynamics}} in the {{Microsecond Time Scale}}},
 urldate = {2015-11-18},
 volume = {5}
}

@article{hayward_harmonic_1994,
 author = {Hayward, Steven and Kitao, Akio and G\={o}, Nobuhiro},
 date = {1994-06-01},
 journal = {Prot. Sci.},
 keyword = {anharmonicity,collective motions,Molecular dynamics,normal mode analysis},
 langid = {english},
 link = {http://onlinelibrary.wiley.com/doi/10.1002/pro.5560030608/abstract},
 number = {6},
 pages = {936--943},
 timestamp = {2015-11-17T22:40:23Z},
 title = {Harmonic and anharmonic aspects in the dynamics of {{BPTI}}: {{A}} normal mode analysis and principal component analysis},
 urldate = {2015-11-17},
 volume = {3}
}

@incollection{he_quantitative_2004-1,
 author = {He, Ji and Tan, Ah-Hwee and Tan, Chew-Lim and Sung, Sam-Yuan},
 booktitle = {Clustering and {{Information Retrieval}}},
 date = {2004-01},
 langid = {english},
 number = {11},
 pages = {105--133},
 publisher = {Springer US},
 series = {Network Theory and Applications},
 timestamp = {2016-04-10T21:16:42Z},
 title = {On {{Quantitative Evaluation}} of {{Clustering Systems}}}
}

@article{heisterberg_qtrfit_1990,
 author = {Heisterberg, DJ},
 date = {1990},
 journaltitle = {The Ohio Supercomputer Center Ohio State University, Columbus, OH},
 timestamp = {2016-01-31T20:26:04Z},
 title = {{{QTRFIT}} algorithm for superimposing two similar rigid molecules}
}

@article{henzler-wildman_dynamic_2007,
 author = {Henzler-Wildman, Katherine and Kern, Dorothee},
 date = {2007-12-13},
 journal = {Nature},
 langid = {english},
 link = {http://www.nature.com/nature/journal/v450/n7172/full/nature06522.html},
 number = {7172},
 pages = {964--972},
 timestamp = {2016-04-05T11:05:54Z},
 title = {Dynamic personalities of proteins},
 urldate = {2016-04-05},
 volume = {450}
}

@article{hinsen_analysis_1998,
 author = {Hinsen, K.},
 date = {1998-11-15},
 eprint = {9829700},
 eprinttype = {pmid},
 journal = {Proteins},
 keyword = {Mathematical Computing,Models; Molecular,Muramidase,Plant Proteins,Proteins},
 number = {3},
 pages = {417--429},
 timestamp = {2015-11-17T20:34:21Z},
 title = {Analysis of domain motions by approximate normal mode calculations},
 volume = {33}
}

@article{hinsen_harmonicity_2000,
 author = {Hinsen, Konrad and Petrescu, Andrei-Jose and Dellerue, Serge and Bellissent-Funel, Marie-Claire and Kneller, Gerald R.},
 date = {2000-11-01},
 journal = {Chem. Phys.},
 keyword = {Brownian dynamics,Inelastic neutron scattering,Molecular dynamics,Normal modes,Protein dynamics},
 link = {http://www.sciencedirect.com/science/article/pii/S0301010400002226},
 number = {1-2},
 pages = {25--37},
 timestamp = {2016-02-15T19:13:56Z},
 title = {Harmonicity in slow protein dynamics},
 urldate = {2015-11-17},
 volume = {261}
}

@article{hopkins_druggable_2002,
 author = {Hopkins, Andrew L. and Groom, Colin R.},
 date = {2002-09},
 journal = {Nat. Rev. Drug Discovery},
 langid = {english},
 link = {http://www.nature.com/nrd/journal/v1/n9/full/nrd892.html},
 number = {9},
 pages = {727--730},
 timestamp = {2015-11-17T18:28:00Z},
 title = {The druggable genome},
 urldate = {2015-11-17},
 volume = {1}
}

@article{horn_closed-form_1987,
 author = {Horn, Berthold K. P.},
 date = {1987},
 journaltitle = {Journal of the Optical Society of America A},
 number = {4},
 pages = {629--642},
 timestamp = {2015-11-18T01:32:14Z},
 title = {Closed-form solution of absolute orientation using unit quaternions},
 volume = {4}
}

@article{hornak_comparison_2006,
 author = {Hornak, Viktor and Abel, Robert and Okur, Asim and Strockbine, Bentley and Roitberg, Adrian and Simmerling, Carlos},
 date = {2006-11-15},
 journal = {Proteins},
 keyword = {decoy analysis,dihedral parameters,Molecular dynamics,molecular mechanics,NMR order parameters,trialanine,-helix},
 langid = {english},
 link = {http://onlinelibrary.wiley.com/doi/10.1002/prot.21123/abstract},
 number = {3},
 pages = {712--725},
 timestamp = {2016-04-05T11:42:06Z},
 title = {Comparison of multiple {{Amber}} force fields and development of improved protein backbone parameters},
 urldate = {2016-04-05},
 volume = {65}
}

@article{hosseini_atomic_2014,
 author = {Hosseini, Ali and Brouk, Moran and Lucas, Maria Fatima and Glaser, Fabian and Fishman, Ayelet and Guallar, Victor},
 date = {2014},
 journaltitle = {The Journal of Physical Chemistry B},
 link = {http://pubs.acs.org/doi/abs/10.1021/jp502509a},
 number = {3},
 pages = {671--678},
 timestamp = {2015-11-17T22:27:08Z},
 title = {Atomic picture of ligand migration in toluene 4-monooxygenase},
 urldate = {2015-11-17},
 volume = {119}
}

@article{hosseini_molecular_2013,
 author = {Hosseini, Ali and Espona-Fiedler, Margarita and Soto-Cerrato, Vanessa and Quesada, Roberto and P{\'e}rez-Tom{\'a}s, Ricardo and Guallar, Victor},
 date = {2013-02-27},
 journal = {PLoS ONE},
 link = {http://dx.doi.org/10.1371/journal.pone.0057562},
 number = {2},
 pages = {e57562},
 timestamp = {2015-11-17T22:25:24Z},
 title = {Molecular {{Interactions}} of {{Prodiginines}} with the {{BH3 Domain}} of {{Anti-Apoptotic Bcl}}-2 {{Family Members}}},
 urldate = {2015-11-17},
 volume = {8}
}

@article{huang_ensemble_2007,
 author = {Huang, Sheng-You and Zou, Xiaoqin},
 date = {2007-02-01},
 journal = {Proteins},
 keyword = {ligand-protein interactions,molecular docking,protein ensemble,Protein Flexibility,structure-based drug design},
 langid = {english},
 link = {http://onlinelibrary.wiley.com/doi/10.1002/prot.21214/abstract},
 number = {2},
 pages = {399--421},
 timestamp = {2016-04-03T17:06:05Z},
 title = {Ensemble docking of multiple protein structures: {{Considering}} protein structural variations in molecular docking},
 urldate = {2016-04-03},
 volume = {66}
}

@article{huang_ligsitecsc_2006,
 author = {Huang, Bingding and Schroeder, Michael},
 date = {2006-09-24},
 eprint = {16995956},
 eprinttype = {pmid},
 journaltitle = {BMC Structural Biology},
 langid = {english},
 link = {http://www.biomedcentral.com/1472-6807/6/19/abstract},
 number = {1},
 pages = {19},
 timestamp = {2015-11-17T19:09:52Z},
 title = {{{LIGSITEcsc}}: predicting ligand binding sites using the {{Connolly}} surface and degree of conservation},
 urldate = {2015-11-17},
 volume = {6}
}

@misc{hughes_innovation_2007,
 author = {Hughes, Edward F.X. and {Michael Hu} and {Karl Schultz} and {Jack Sheu} and {Daniel Tschopp}},
 date = {2007-03-12},
 keyword = {Hughes},
 publisher = {Kellogg School of Management},
 timestamp = {2015-11-17T18:22:58Z},
 title = {The {{Innovation Gap}} in {{Pharmaceutical Drug Discovery}} \& {{New Models}} for {{R}}\&D {{Success}}}
}

@article{humphrey_vmd_1996-1,
 author = {Humphrey, William and Dalke, Andrew and Schulten, Klaus},
 date = {1996-02},
 journal = {J. Mol. Graph. Model.},
 keyword = {interactive visualization,molecular dynamics visualization,Molecular modeling},
 link = {http://www.sciencedirect.com/science/article/pii/0263785596000185},
 number = {1},
 pages = {33--38},
 timestamp = {2016-01-31T12:03:41Z},
 title = {{{VMD}}: {{Visual}} molecular dynamics},
 urldate = {2016-01-31},
 volume = {14}
}

@article{hurst_flexible_1994,
 author = {Hurst, Tad},
 date = {1994-01-01},
 journal = {J. Chem. Inf. Comput. Sci.},
 link = {http://dx.doi.org/10.1021/ci00017a025},
 number = {1},
 pages = {190--196},
 timestamp = {2015-11-17T20:05:17Z},
 title = {Flexible {{3D}} searching: {{The}} directed tweak technique},
 urldate = {2015-11-17},
 volume = {34}
}

@article{jackson_ubiquitin_2006,
 author = {Jackson, Sophie E.},
 date = {2006-05-11},
 journal = {Org. Biomol. Chem.},
 langid = {english},
 link = {http://pubs.rsc.org.sire.ub.edu/en/content/articlelanding/2006/ob/b600829c},
 number = {10},
 pages = {1845--1853},
 timestamp = {2016-04-05T19:39:44Z},
 title = {Ubiquitin: a small protein folding paradigm},
 urldate = {2016-04-05},
 volume = {4}
}

@article{jacobson_force_2002,
 author = {Jacobson, Matthew P. and Kaminski, George A. and Friesner, Richard A. and Rapp, Chaya S.},
 date = {2002-11-01},
 journal = {J. Phys. Chem. B},
 link = {http://dx.doi.org/10.1021/jp021564n},
 number = {44},
 pages = {11673--11680},
 timestamp = {2015-11-17T21:51:41Z},
 title = {Force {{Field Validation Using Protein Side Chain Prediction}}},
 urldate = {2015-11-17},
 volume = {106}
}

@article{jacobson_role_2002,
 author = {Jacobson, Matthew P. and Friesner, Richard A. and Xiang, Zhexin and Honig, Barry},
 date = {2002-07-12},
 eprint = {12096912},
 eprinttype = {pmid},
 journal = {J. Mol. Biol.},
 keyword = {Computer Simulation,Crystallization,Crystallography; X-Ray,Databases; Protein,Models; Molecular,Protein Conformation,Proteins},
 number = {3},
 pages = {597--608},
 timestamp = {2015-11-18T00:15:05Z},
 title = {On the role of the crystal environment in determining protein side-chain conformations},
 volume = {320}
}

@article{jain_surflex_2003,
 author = {Jain, Ajay N.},
 date = {2003-02-13},
 eprint = {12570372},
 eprinttype = {pmid},
 journal = {J. Med. Chem.},
 keyword = {Algorithms,Binding Sites,Crystallography; X-Ray,Herpesvirus 1; Human,Ligands,Models; Molecular,Proteins,Quantitative Structure-Activity Relationship,Receptors; Estrogen,Thymidine Kinase},
 number = {4},
 pages = {499--511},
 timestamp = {2015-11-17T19:16:17Z},
 title = {Surflex: fully automatic flexible molecular docking using a molecular similarity-based search engine},
 volume = {46}
}

@article{jaramillo_computational_2005,
 author = {Jaramillo, Alfonso and Wodak, Shoshana J.},
 date = {2005-01},
 journal = {Biophys. J.},
 link = {http://www.sciencedirect.com/science/article/pii/S0006349505730952},
 number = {1},
 pages = {156--171},
 timestamp = {2016-04-07T18:20:47Z},
 title = {Computational {{Protein Design Is}} a {{Challenge}} for {{Implicit Solvation Models}}},
 urldate = {2016-04-07},
 volume = {88}
}

@article{jiang_soft_1991,
 author = {Jiang, F. and Kim, S. H.},
 date = {1991-05-05},
 eprint = {2023263},
 eprinttype = {pmid},
 journal = {J. Mol. Biol.},
 keyword = {Antigen-Antibody Complex,Binding Sites,Databases; Factual,Enzymes,Models; Molecular,Muramidase,Protein Conformation,Proteins,Trypsin,Trypsin Inhibitors},
 number = {1},
 pages = {79--102},
 timestamp = {2016-01-31T11:13:33Z},
 title = {"{{Soft}} docking": matching of molecular surface cubes},
 volume = {219}
}

@inproceedings{jin_cuda_2011,
 author = {Jin, Xiaoli and Zhao, Lei and Yang, Jiwen},
 booktitle = {2011 {{International Conference}} on {{Computer Science}} and {{Network Technology}} ({{ICCSNT}})},
 date = {2011-12},
 eventtitle = {2011 International Conference on Computer Science and Network Technology (ICCSNT)},
 keyword = {Acceleration,Algorithm design and analysis,atomic level,biochemical processes,biology computing,biomolecular simulation,Central Processing Unit,computational tool,Computer architecture,computing platform,CPU core,CUDA,CUDA based solute interaction calculation,GPU,Graphics processing unit,graphics processing units,GROMOS software,high performance computing community,large system simulation,Molecular dynamics,nonbonded,NVIDIA Tesla C1060,parallel architectures,parallel computation,Performance evaluation,Random access memory,solute-solute interaction calculation,solute-solvent interaction calculation},
 pages = {820--824},
 timestamp = {2015-11-17T23:04:21Z},
 title = {A {{CUDA}} based solute interaction calculation of biomolecular simulation for {{GROMOS}}},
 volume = {2}
}

@article{jones_differential_2014,
 author = {Jones, Eric M. and Monza, Emanuele and Balakrishnan, Gurusamy and Blouin, George C. and Mak, Piotr J. and Zhu, Qianhong and Kincaid, James R. and Guallar, Victor and Spiro, Thomas G.},
 date = {2014-07-23},
 journal = {J. Am. Chem. Soc.},
 link = {http://dx.doi.org/10.1021/ja503328a},
 number = {29},
 pages = {10325--10339},
 timestamp = {2015-11-24T11:51:23Z},
 title = {Differential {{Control}} of {{Heme Reactivity}} in {{Alpha}} and {{Beta Subunits}} of {{Hemoglobin}}: {{A Combined Raman Spectroscopic}} and {{Computational Study}}},
 urldate = {2015-11-24},
 volume = {136}
}

@article{jones_molecular_1995,
 author = {Jones, Gareth and Willett, Peter and Glen, Robert C.},
 date = {1995},
 journal = {J. Mol. Biol.},
 keyword = {desolvation,genetic algorithm,protein ligand docking},
 link = {http://www.sciencedirect.com/science/article/pii/S0022283695800379},
 number = {1},
 pages = {43--53},
 timestamp = {2015-11-17T19:21:16Z},
 title = {Molecular recognition of receptor sites using a genetic algorithm with a description of desolvation},
 urldate = {2015-11-17},
 volume = {245}
}

@article{jorgensen_development_1996-1,
 author = {Jorgensen, William L. and Maxwell, David S. and Tirado-Rives, Julian},
 date = {1996-01-01},
 journal = {J. Am. Chem. Soc.},
 link = {http://dx.doi.org/10.1021/ja9621760},
 number = {45},
 pages = {11225--11236},
 timestamp = {2015-11-17T22:32:33Z},
 title = {Development and {{Testing}} of the {{OPLS All-Atom Force Field}} on {{Conformational Energetics}} and {{Properties}} of {{Organic Liquids}}},
 urldate = {2015-11-17},
 volume = {118}
}

@article{jorgensen_molecular_2005,
 author = {Jorgensen, William L. and Tirado-Rives, Julian},
 date = {2005-12},
 eprint = {16200637},
 eprinttype = {pmid},
 journal = {J. Comput. Chem.},
 keyword = {Chemistry; Organic,Models; Biological,Models; Chemical,Models; Molecular,Models; Statistical,Monte Carlo Method,Organic Chemistry Phenomena,Protein Binding,Software,Thermodynamics},
 number = {16},
 pages = {1689--1700},
 timestamp = {2015-11-18T00:55:17Z},
 title = {Molecular modeling of organic and biomolecular systems using {{BOSS}} and {{MCPRO}}},
 volume = {26}
}

@article{jorgensen_monte_1996,
 author = {Jorgensen, William L. and Tirado-Rives, Julian},
 date = {1996-01-01},
 journal = {J. Phys. Chem.},
 link = {http://dx.doi.org/10.1021/jp960880x},
 number = {34},
 pages = {14508--14513},
 timestamp = {2015-11-17T23:32:01Z},
 title = {Monte {{Carlo}} vs {{Molecular Dynamics}} for {{Conformational Sampling}}},
 urldate = {2015-11-17},
 volume = {100}
}

@article{jorgensen_opls_1988,
 author = {Jorgensen, William L. and Tirado-Rives, Julian.},
 date = {1988-03-01},
 journal = {J. Am. Chem. Soc.},
 link = {http://dx.doi.org/10.1021/ja00214a001},
 number = {6},
 pages = {1657--1666},
 timestamp = {2015-11-17T22:32:02Z},
 title = {The {{OPLS}} [optimized potentials for liquid simulations] potential functions for proteins, energy minimizations for crystals of cyclic peptides and crambin},
 urldate = {2015-11-17},
 volume = {110}
}

@article{kabsch_discussion_1978,
 author = {Kabsch, W.},
 date = {1978-09-01},
 journaltitle = {Acta Crystallographica Section A},
 link = {http://scripts.iucr.org/cgi-bin/paper?S0567739478001680},
 number = {5},
 pages = {827--828},
 timestamp = {2015-11-18T01:33:31Z},
 title = {A discussion of the solution for the best rotation to relate two sets of vectors},
 urldate = {2015-11-18},
 volume = {34}
}

@article{kabsch_solution_1976,
 author = {Kabsch, W.},
 date = {1976-09-01},
 journaltitle = {Acta Crystallographica Section A},
 link = {http://scripts.iucr.org/cgi-bin/paper?S0567739476001873},
 number = {5},
 pages = {922--923},
 timestamp = {2015-11-18T01:33:49Z},
 title = {A solution for the best rotation to relate two sets of vectors},
 urldate = {2015-11-18},
 volume = {32}
}

@article{karplus_molecular_2002,
 author = {Karplus, Martin and McCammon, J. Andrew},
 date = {2002-09},
 journal = {Nat. Struct. Mol. Biol.},
 langid = {english},
 link = {http://www.nature.com/nsmb/journal/v9/n9/abs/nsb0902-646.html},
 number = {9},
 pages = {646--652},
 timestamp = {2015-11-17T23:16:37Z},
 title = {Molecular dynamics simulations of biomolecules},
 urldate = {2015-11-17},
 volume = {9}
}

@book{kaufman_finding_1990-1,
 author = {Kaufman, L. and Rousseeuw, P. J.},
 date = {1990},
 location = {New York},
 publisher = {John Wiley and Sons},
 timestamp = {2016-02-10T18:58:51Z},
 title = {Finding groups in data: an introduction to cluster analysis}
}

@article{kenshu_kamiya_algorithm_2003,
 author = {Kenshu Kamiya, Yoko Sugawara},
 date = {2003},
 journaltitle = {Journal of computational chemistry},
 number = {7},
 pages = {826--41},
 timestamp = {2015-11-18T01:15:01Z},
 title = {Algorithm for normal mode analysis with general internal coordinates},
 volume = {24}
}

@article{kidera_enhanced_1995,
 author = {Kidera, A.},
 date = {1995-10-10},
 eprint = {7568238},
 eprinttype = {pmid},
 journal = {Proc. Natl. Acad. Sci. U.S.A.},
 langid = {english},
 link = {http://www.pnas.org/content/92/21/9886},
 number = {21},
 pages = {9886--9889},
 timestamp = {2016-03-30T09:02:46Z},
 title = {Enhanced conformational sampling in {{Monte Carlo}} simulations of proteins: application to a constrained peptide},
 urldate = {2016-03-30},
 volume = {92}
}

@article{kidera_refinement_1990,
 author = {Kidera, A. and Go, N.},
 date = {1990-01-05},
 eprint = {2339115},
 eprinttype = {pmid},
 journal = {Proc. Natl. Acad. Sci. U.S.A.},
 langid = {english},
 link = {http://www.pnas.org/content/87/10/3718},
 number = {10},
 pages = {3718--3722},
 timestamp = {2015-11-18T01:08:19Z},
 title = {Refinement of protein dynamic structure: normal mode refinement.},
 urldate = {2015-11-18},
 volume = {87}
}

@article{kidera_smart_1999,
 author = {Kidera, Akinori},
 date = {1999-01-01},
 journal = {Int. J. Quantum Chem},
 keyword = {force-bias method,globular proteins,Monte Carlo,scaled-collective variable method,smart Monte Carlo},
 langid = {english},
 link = {http://onlinelibrary.wiley.com/doi/10.1002/(SICI)1097-461X(1999)75:3<207::AID-QUA10>3.0.CO;2-M/abstract},
 number = {3},
 pages = {207--214},
 timestamp = {2016-03-30T08:57:54Z},
 title = {Smart {{Monte Carlo}} simulation of a globular protein},
 urldate = {2016-03-30},
 volume = {75}
}

@article{kitao_effects_1991,
 author = {Kitao, Akio and Hirata, Fumio and G\={o}, Nobuhiro},
 date = {1991},
 journaltitle = {Chemical physics},
 link = {http://www.sciencedirect.com/science/article/pii/0301010491870827},
 number = {2},
 pages = {447--472},
 timestamp = {2015-11-17T22:38:45Z},
 title = {The effects of solvent on the conformation and the collective motions of protein: normal mode analysis and molecular dynamics simulations of melittin in water and in vacuum},
 urldate = {2015-11-17},
 volume = {158}
}

@article{kneller_comment_2011,
 author = {Kneller, Gerald R.},
 date = {2011-01-15},
 journal = {J. Comput. Chem.},
 keyword = {quaternions,rotational superposition,structural alignment},
 langid = {english},
 link = {http://onlinelibrary.wiley.com/doi/10.1002/jcc.21607/abstract},
 number = {1},
 pages = {183--184},
 timestamp = {2015-11-18T01:32:32Z},
 title = {Comment on \textquotedblleft{}{{Fast}} determination of the optimal rotational matrix for macromolecular superpositions\textquotedblright{} [{{J}}. {{Comp}}. {{Chem}}. 31, 1561 (2010)]},
 urldate = {2015-11-18},
 volume = {32}
}

@article{kony_molecular_2007,
 author = {Kony, David B. and H{\"u}nenberger, Philippe H. and van Gunsteren, Wilfred F.},
 date = {2007-06-01},
 journal = {Prot. Sci.},
 keyword = {Molecular dynamics,partially folded state,Protein Folding,ubiquitin,watermethanol mixture},
 langid = {english},
 link = {http://onlinelibrary.wiley.com/doi/10.1110/ps.062323407/abstract},
 number = {6},
 options = {useprefix=true},
 pages = {1101--1118},
 timestamp = {2016-04-05T11:37:16Z},
 title = {Molecular dynamics simulations of the native and partially folded states of ubiquitin: {{Influence}} of methanol cosolvent, {{pH}}, and temperature on the protein structure and dynamics},
 urldate = {2016-04-05},
 volume = {16}
}

@article{koshland_application_1958,
 author = {Koshland, D. E.},
 date = {1958-01-02},
 eprint = {16590179},
 eprinttype = {pmid},
 journal = {Proc. Natl. Acad. Sci. U.S.A.},
 langid = {english},
 link = {http://www.pnas.org/content/44/2/98},
 number = {2},
 pages = {98--104},
 timestamp = {2015-11-17T19:40:30Z},
 title = {Application of a {{Theory}} of {{Enzyme Specificity}} to {{Protein Synthesis}}},
 urldate = {2015-11-17},
 volume = {44}
}

@article{kovacs_conformational_2005,
 author = {Kovacs, Julio A. and Cavasotto, Claudio N. and Abagyan, Ruben},
 date = {2005-09-01},
 journal = {J. Comput. Theor. Nanosci.},
 keyword = {Conformational Ensemble,Normal-Mode Analysis,Protein Flexibility,Receptor Ensemble Docking,Virtual Screening},
 number = {3},
 pages = {354--361},
 timestamp = {2015-11-18T01:09:50Z},
 title = {Conformational {{Sampling}} of {{Protein Flexibility}} in {{Generalized Coordinates}}: {{Application}} to {{Ligand Docking}}},
 volume = {2}
}

@article{kresten_lindorff-larsen1_how_2011,
 author = {Kresten Lindorff-Larsen1, Stefano Piana, Ron O. Dror and Shaw, David E.},
 date = {2011},
 journal = {Science},
 pages = {517--520},
 timestamp = {2016-02-10T18:58:52Z},
 title = {How {{Fast-Folding Proteins Fold}}},
 volume = {334}
}

@incollection{kryszczuk_estimation_2010-2,
 author = {Kryszczuk, Krzysztof and Hurley, Paul},
 booktitle = {Multiple {{Classifier Systems}}},
 date = {2010},
 editor = {Gayar, Neamat El and Kittler, Josef and Roli, Fabio},
 number = {5997},
 pages = {114--123},
 publisher = {Springer Berlin Heidelberg},
 series = {Lecture Notes in Computer Science},
 timestamp = {2016-02-10T18:58:51Z},
 title = {Estimation of the {{Number}} of {{Clusters Using Multiple Clustering Validity Indices}}}
}

@article{kuntz_geometric_1982,
 author = {Kuntz, Irwin D. and Blaney, Jeffrey M. and Oatley, Stuart J. and Langridge, Robert and Ferrin, Thomas E.},
 date = {1982-10-25},
 journal = {J. Mol. Biol.},
 link = {http://www.sciencedirect.com/science/article/pii/002228368290153X},
 number = {2},
 pages = {269--288},
 timestamp = {2015-11-17T19:19:16Z},
 title = {A geometric approach to macromolecule-ligand interactions},
 urldate = {2015-11-17},
 volume = {161}
}

@article{lange_scrutinizing_2010,
 author = {Lange, Oliver F. and van der Spoel, David and de Groot, Bert L.},
 date = {2010-07-21},
 eprint = {20643085},
 eprinttype = {pmid},
 journal = {Biophys. J.},
 link = {http://www.ncbi.nlm.nih.gov/pmc/articles/PMC2905107/},
 number = {2},
 options = {useprefix=true},
 pages = {647--655},
 pmcid = {PMC2905107},
 timestamp = {2015-11-17T23:14:24Z},
 title = {Scrutinizing {{Molecular Mechanics Force Fields}} on the {{Submicrosecond Timescale}} with {{NMR Data}}},
 urldate = {2015-11-17},
 volume = {99}
}

@article{larsson_algorithm_2011,
 author = {Larsson, Per and Hess, Berk and Lindahl, Erik},
 date = {2011-01-01},
 journal = {WIREs Comput. Mol. Sci.},
 langid = {english},
 link = {http://onlinelibrary.wiley.com/doi/10.1002/wcms.3/abstract},
 number = {1},
 pages = {93--108},
 timestamp = {2016-01-31T12:18:22Z},
 title = {Algorithm improvements for molecular dynamics simulations},
 urldate = {2016-01-31},
 volume = {1}
}

@article{le_guilloux_fpocket_2009,
 author = {Le Guilloux, Vincent and Schmidtke, Peter and Tuffery, Pierre},
 date = {2009},
 journaltitle = {BMC Bioinformatics},
 langid = {english},
 link = {http://www.biomedcentral.com/1471-2105/10/168},
 number = {1},
 pages = {168},
 timestamp = {2015-11-17T19:08:37Z},
 title = {Fpocket: {{An}} open source platform for ligand pocket detection},
 urldate = {2015-11-17},
 volume = {10}
}

@article{lee_atomistic_2015,
 author = {Lee, Juyong and Joo, Keehyoung and Brooks, Bernard R. and Lee, Jooyoung},
 date = {2015-07-14},
 journal = {J. Chem. Theory Comput.},
 link = {http://dx.doi.org/10.1021/acs.jctc.5b00268},
 number = {7},
 pages = {3211--3224},
 timestamp = {2015-11-17T23:08:00Z},
 title = {The {{Atomistic Mechanism}} of {{Conformational Transition}} of {{Adenylate Kinase Investigated}} by {{Lorentzian Structure-Based Potential}}},
 urldate = {2015-11-17},
 volume = {11}
}

@article{legge_protein_2006,
 author = {Legge, F. S. and Budi, A. and Treutlein, H. and Yarovsky, I.},
 date = {2006-01-20},
 journal = {Biophys. Chem.},
 keyword = {Chain B,Conformational flexibility,Insulin,Molecular dynamics,Multiple simulations,Rf-state,T-state},
 link = {http://www.sciencedirect.com/science/article/pii/S0301462205001778},
 number = {2},
 pages = {146--157},
 timestamp = {2016-04-05T10:05:40Z},
 title = {Protein flexibility: {{Multiple}} molecular dynamics simulations of insulin chain {{B}}},
 urldate = {2016-04-05},
 volume = {119}
}

@article{leherte_comparison_2014,
 author = {Leherte, Laurence and Vercauteren, Daniel P.},
 date = {2014-08-09},
 journal = {Sci. China Chem.},
 keyword = {Chemistry/Food Science; general,critical points,electron density,molecular electrostatic potential,point charge model,protein,smoothing of molecular fields,ubiquitin},
 langid = {english},
 link = {http://link.springer.com/article/10.1007/s11426-014-5109-8},
 number = {10},
 pages = {1340--1354},
 timestamp = {2016-04-05T10:50:24Z},
 title = {Comparison of reduced point charge models of proteins: {{Molecular Dynamics}} simulations of {{Ubiquitin}}},
 urldate = {2016-04-05},
 volume = {57}
}

@article{leo-macias_analysis_2005,
 author = {Leo-Macias, Alejandra and Lopez-Romero, Pedro and Lupyan, Dmitry and Zerbino, Daniel and Ortiz, Angel R.},
 date = {2005-02},
 eprint = {15542556},
 eprinttype = {pmid},
 journal = {Biophys. J.},
 link = {http://www.ncbi.nlm.nih.gov/pmc/articles/PMC1305131/},
 number = {2},
 pages = {1291--1299},
 pmcid = {PMC1305131},
 timestamp = {2016-01-31T12:08:42Z},
 title = {An {{Analysis}} of {{Core Deformations}} in {{Protein Superfamilies}}},
 urldate = {2016-01-31},
 volume = {88}
}

@article{levin-kravets_tetrameric_2015,
 author = {Levin-Kravets, Olga and Shohat, Noa and Prag, Gali},
 date = {2015-08-04},
 journal = {Biochemistry},
 link = {http://dx.doi.org/10.1021/acs.biochem.5b00498},
 number = {30},
 pages = {4704--4710},
 timestamp = {2016-04-05T11:19:54Z},
 title = {Tetrameric {{Assembly}} of {{Monoubiquitin Accurately Mimics}} the {{Lys11 Polyubiquitin Chain Structure}}},
 urldate = {2016-04-05},
 volume = {54}
}

@article{levitt_protein_1985,
 author = {Levitt, Michael and Sander, Christian and Stern, Peter S.},
 date = {1985-02-05},
 journal = {J. Mol. Biol.},
 link = {http://www.sciencedirect.com/science/article/pii/002228368590230X},
 number = {3},
 pages = {423--447},
 timestamp = {2016-03-30T09:14:53Z},
 title = {Protein normal-mode dynamics: {{Trypsin}} inhibitor, crambin, ribonuclease and lysozyme},
 urldate = {2016-03-30},
 volume = {181}
}

@article{li_coarse-grained_2002,
 author = {Li, Guohui and Cui, Qiang},
 date = {2002-11},
 eprint = {12414680},
 eprinttype = {pmid},
 journal = {Biophys. J.},
 keyword = {Algorithms,Binding Sites,Biophysical Phenomena,Biophysics,Calcium,Calcium-Transporting ATPases,Calmodulin,Cytoplasm,Entropy,Hydrolysis,Models; Statistical,Monte Carlo Method,Phosphorylation,Protein Binding,Protein Conformation,Protein Structure; Secondary,Protein Structure; Tertiary,Temperature,Time Factors},
 number = {5},
 pages = {2457--2474},
 pmcid = {PMC1302332},
 timestamp = {2015-11-17T22:43:43Z},
 title = {A coarse-grained normal mode approach for macromolecules: an efficient implementation and application to {{Ca}}(2+)-{{ATPase}}},
 volume = {83}
}

@article{li_monte_1987,
 author = {Li, Z. and Scheraga, H. A.},
 date = {1987-01-10},
 eprint = {3477791},
 eprinttype = {pmid},
 journal = {Proc. Natl. Acad. Sci. U.S.A.},
 langid = {english},
 link = {http://www.pnas.org/content/84/19/6611},
 number = {19},
 pages = {6611--6615},
 timestamp = {2015-11-18T01:13:14Z},
 title = {Monte {{Carlo}}-minimization approach to the multiple-minima problem in protein folding},
 urldate = {2015-11-18},
 volume = {84}
}

@article{light_demythologizing_2011,
 author = {Light, Donald W. and Warburton, Rebecca},
 date = {2011-03},
 journal = {Biosocieties},
 keyword = {Light2011},
 langid = {english},
 link = {http://www.palgrave-journals.com/biosoc/journal/v6/n1/abs/biosoc201040a.html},
 number = {1},
 pages = {34--50},
 timestamp = {2015-11-17T18:04:54Z},
 title = {Demythologizing the high costs of pharmaceutical research},
 urldate = {2015-11-17},
 volume = {6}
}

@inproceedings{lin_evaluating_2011,
 author = {Lin, Tu-Liang and Vammi, Santhosh Kumar and Song, Guang},
 booktitle = {Proceedings of the {{2Nd ACM Conference}} on {{Bioinformatics}}, {{Computational Biology}} and {{Biomedicine}}},
 date = {2011},
 keyword = {conformation sampling,dynamics,populations,RDC,structure ensemble,ubiquitin},
 location = {New York, NY, USA},
 pages = {514--518},
 publisher = {ACM},
 series = {BCB '11},
 timestamp = {2016-04-10T21:06:15Z},
 title = {Evaluating the {{Quality}} of {{Conformation Sampling Methods Using Experimental Residual Dipolar Coupling Data}}}
}

@article{linde_catalytic_2015,
 author = {Linde, Dolores and Pogni, Rebecca and Ca{\~n}ellas, Marina and Lucas, F{\'a}tima and Guallar, Victor and Baratto, Maria Camilla and Sinicropi, Adalgisa and S{\'a}ez-Jim{\'e}nez, Ver{\'o}nica and Coscol{\'\i}n, Cristina and Romero, Antonio and Medrano, Francisco Javier and Ruiz-Due{\~n}as, Francisco J. and Mart{\'\i}nez, Angel T.},
 date = {2015-03-01},
 eprint = {25495127},
 eprinttype = {pmid},
 journal = {Biochem. J.},
 keyword = {Amino Acid Substitution,Basidiomycota,Binding Sites,Biocatalysis,Coloring Agents,Free Radicals,Fungal Proteins,Hemeproteins,Models; Molecular,Molecular Docking Simulation,Molecular Dynamics Simulation,Mutagenesis; Site-Directed,Mutant Proteins,Oxidation-Reduction,Peroxidases,Protein Conformation,Recombinant Proteins,Surface Properties,Tryptophan,Tyrosine},
 number = {2},
 pages = {253--262},
 pmcid = {PMC4357238},
 timestamp = {2015-11-17T22:25:59Z},
 title = {Catalytic surface radical in dye-decolorizing peroxidase: a computational, spectroscopic and site-directed mutagenesis study},
 volume = {466}
}

@article{lindorff-larsen_improved_2010,
 author = {Lindorff-Larsen, Kresten and Piana, Stefano and Palmo, Kim and Maragakis, Paul and Klepeis, John L. and Dror, Ron O. and Shaw, David E.},
 date = {2010-06-01},
 journal = {Proteins},
 keyword = {dihedral,Molecular Dynamics Simulation,molecular mechanics,NMR,Protein dynamics,quantum mechanics,rotamer,side chain},
 langid = {english},
 link = {http://onlinelibrary.wiley.com/doi/10.1002/prot.22711/abstract},
 number = {8},
 pages = {1950--1958},
 timestamp = {2016-04-05T11:43:42Z},
 title = {Improved side-chain torsion potentials for the {{Amber ff99SB}} protein force field},
 urldate = {2016-04-05},
 volume = {78}
}

@article{lindorff-larsen_similarity_2009,
 author = {Lindorff-Larsen, Kresten and Ferkinghoff-Borg, Jesper},
 journal = {PLoS ONE},
 keyword = {Biochemical simulations,Covariance,Normal distribution,Probability density,Probability distribution,protein structure,Protein structure determination,Simulation and modeling},
 link = {http://journals.plos.org/plosone/article?id=10.1371/journal.pone.0004203},
 number = {1},
 pages = {e4203},
 timestamp = {2016-04-05T11:47:08Z},
 title = {Similarity {{Measures}} for {{Protein Ensembles}}},
 urldate = {2016-04-05},
 volume = {4}
}

@article{liu_fast_2010,
 author = {Liu, Pu and Agrafiotis, Dimitris K and Theobald, Douglas L},
 date = {2010-05},
 eprint = {20017124},
 eprinttype = {pmid},
 journal = {J. Comput. Chem.},
 link = {http://www.ncbi.nlm.nih.gov/pmc/articles/PMC2958452/},
 number = {7},
 pages = {1561--1563},
 pmcid = {PMC2958452},
 timestamp = {2015-11-18T01:32:48Z},
 title = {Fast determination of the optimal rotational matrix for macromolecular superpositions},
 urldate = {2015-11-18},
 volume = {31}
}

@article{liu_mcdock_1999,
 author = {Liu, Ming and Wang, Shaomeng},
 date = {1999-09},
 journal = {J. Comput. Aided Mol. Des.},
 keyword = {Animal Anatomy / Morphology / Histology,Computer Applications in Chemistry,flexible ligand docking,ligand and protein interaction,molecular recognition,Monte Carlo simulation,Physical Chemistry,structure-based drug discovery},
 langid = {english},
 link = {http://link.springer.com/article/10.1023/A%3A1008005918983},
 number = {5},
 pages = {435--451},
 timestamp = {2015-11-17T23:38:14Z},
 title = {{{MCDOCK}}: {{A Monte Carlo}} simulation approach to the molecular docking problem},
 urldate = {2015-11-17},
 volume = {13}
}

@article{liu_nmr_2009,
 author = {Liu, Gaohua and Forouhar, Farhad and Eletsky, Alexander and Atreya, Hanudatta S. and Aramini, James M. and Xiao, Rong and Huang, Yuanpeng J. and Abashidze, Mariam and Seetharaman, Jayaraman and Liu, Jinfeng and Rost, Burkhard and Acton, Thomas and Montelione, Gaetano T. and Hunt, John F. and Szyperski, Thomas},
 date = {2009-04},
 eprint = {19101823},
 eprinttype = {pmid},
 journal = {J. Struct. Funct. Genomics},
 link = {http://www.ncbi.nlm.nih.gov/pmc/articles/PMC2850604/},
 number = {2},
 pages = {127--136},
 pmcid = {PMC2850604},
 timestamp = {2016-04-05T11:18:09Z},
 title = {{{NMR}} and {{X-RAY}} structures of human {{E2}}-like ubiquitin-fold modifier conjugating enzyme 1 ({{UFC1}}) reveal structural and functional conservation in the metazoan {{UFM1-UBA5-UFC1}} ubiquination pathway},
 urldate = {2016-04-05},
 volume = {10}
}

@article{lloyd_least_1982,
 author = {Lloyd, S.},
 date = {1982-03},
 journaltitle = {IEEE Transactions on Information Theory},
 number = {2},
 pages = {129--137},
 timestamp = {2016-02-10T18:58:51Z},
 title = {Least squares quantization in {{PCM}}},
 volume = {28}
}

@article{lobanov_radius_2008,
 author = {Lobanov, M. Yu and Bogatyreva, N. S. and Galzitskaya, O. V.},
 date = {2008-08-10},
 journal = {Mol. Biol.},
 keyword = {all-or-none simple folding mechanism,Biochemistry; general,compactness,complex folding mechanism with accumulation of intermediate state,contact density,Human Genetics,Life Sciences; general,structural class of proteins},
 langid = {english},
 link = {http://link.springer.com/article/10.1134/S0026893308040195},
 number = {4},
 pages = {623--628},
 timestamp = {2016-04-05T18:52:09Z},
 title = {Radius of gyration as an indicator of protein structure compactness},
 urldate = {2016-04-05},
 volume = {42}
}

@article{lopez-blanco_imod_2011,
 author = {Lopez-Blanco, Jos{\'e} Ram{\'o}n and Garz{\'o}n, Jos{\'e} Ignacio and Chac{\'o}n, Pablo},
 date = {2011-10-15},
 eprint = {21873636},
 eprinttype = {pmid},
 journal = {Bioinformatics},
 keyword = {Models; Molecular,Monte Carlo Method,Nucleic Acid Conformation,Protein Conformation,Software},
 number = {20},
 pages = {2843--2850},
 timestamp = {2016-03-30T09:04:40Z},
 title = {{{iMod}}: multipurpose normal mode analysis in internal coordinates},
 volume = {27}
}

@incollection{lotan_efficient_2003,
 author = {Lotan, Itay and Schwarzer, Fabian and Latombe, Jean-Claude},
 booktitle = {Algorithms in {{Bioinformatics}}},
 date = {2003-09-15},
 doi = {10.1007/978-3-540-39763-2_26},
 editor = {Benson, Gary and Page, Roderic D. M.},
 keyword = {Algorithm Analysis and Problem Complexity,Computation by Abstract Devices,Data Structures,Life Sciences; general,Mathematics of Computing,Programming Techniques},
 langid = {english},
 link = {http://link.springer.com/chapter/10.1007/978-3-540-39763-2_26},
 number = {2812},
 pages = {354--373},
 publisher = {Springer Berlin Heidelberg},
 series = {Lecture Notes in Computer Science},
 timestamp = {2016-04-10T11:45:17Z},
 title = {Efficient {{Energy Computation}} for {{Monte Carlo Simulation}} of {{Proteins}}},
 urldate = {2016-04-10}
}

@article{lu_new_2006,
 author = {Lu, Mingyang and Poon, Billy and Ma, Jianpeng},
 date = {2006-05-01},
 journal = {J. Chem. Theory Comput.},
 link = {http://dx.doi.org/10.1021/ct050307u},
 number = {3},
 pages = {464--471},
 timestamp = {2015-11-18T01:11:44Z},
 title = {A {{New Method}} for {{Coarse-Grained Elastic Normal-Mode Analysis}}},
 urldate = {2015-11-18},
 volume = {2}
}

@article{lucas_atomic_2014,
 author = {Lucas, Maria F. and Cabeza de Vaca, Israel and Takahashi, Ryoji and Rubio-Mart{\'\i}nez, Jaime and Guallar, V{\'\i}ctor},
 date = {2014-01-21},
 eprint = {24461017},
 eprinttype = {pmid},
 journal = {Biophys. J.},
 keyword = {Antineoplastic Agents,Base Sequence,Cisplatin,DNA,Kinetics,Molecular Dynamics Simulation,Nucleic Acid Conformation,Thermodynamics},
 number = {2},
 pages = {421--429},
 pmcid = {PMC3907256},
 timestamp = {2016-01-31T18:53:01Z},
 title = {Atomic level rendering of {{DNA}}-drug encounter},
 volume = {106}
}

@article{lucas_molecular_2015-1,
 author = {Lucas, F{\'a}tima and Babot, Esteban D. and Ca{\~n}ellas, Marina and del R{\'\i}o, Jos{\'e} C. and Kalum, Lisbeth and Ullrich, Ren{\'e} and Hofrichter, Martin and Guallar, Victor and Mart{\'\i}nez, Angel T. and Guti{\'e}rrez, Ana},
 date = {2015-12-21},
 journal = {Part. Sci. Technol.},
 langid = {english},
 number = {1},
 pages = {288--295},
 timestamp = {2016-04-10T21:14:40Z},
 title = {Molecular determinants for selective {{C25}}-hydroxylation of vitamins {{D2}} and {{D3}} by fungal peroxygenases},
 volume = {6}
}

@article{luxburg_tutorial_2007,
 author = {von Luxburg, Ulrike},
 date = {2007-08-22},
 journal = {Stat. Comput.},
 keyword = {Artificial Intelligence (incl. Robotics),Graph Laplacian,Mathematics; general,Numeric Computing,Spectral clustering,Statistics and Computing/Statistics Programs,Statistics; general},
 langid = {english},
 link = {http://link.springer.com/article/10.1007/s11222-007-9033-z},
 number = {4},
 pages = {395--416},
 timestamp = {2015-11-18T01:27:27Z},
 title = {A tutorial on spectral clustering},
 urldate = {2015-11-18},
 volume = {17}
}

@article{lyman_ensemble-based_2006,
 author = {Lyman, Edward and Zuckerman, Daniel M.},
 date = {2006-07-01},
 eprint = {16617086,\%002016617086},
 eprinttype = {pmid},
 journal = {Biophys. J.},
 langid = {english},
 link = {http://www.cell.com/article/S0006349506717167/abstract},
 number = {1},
 pages = {164--172},
 timestamp = {2016-04-05T11:45:30Z},
 title = {Ensemble-{{Based Convergence Analysis}} of {{Biomolecular Trajectories}}},
 urldate = {2016-04-05},
 volume = {91}
}

@article{madadkar-sobhani_pele_2013-1,
 author = {Madadkar-Sobhani, A. and Guallar, V.},
 date = {2013-07-01},
 issue = {W1},
 journaltitle = {Nucleic Acids Research},
 langid = {english},
 link = {http://nar.oxfordjournals.org/lookup/doi/10.1093/nar/gkt454},
 pages = {W322--W328},
 timestamp = {2015-11-17T21:51:10Z},
 title = {{{PELE}} web server: atomistic study of biomolecular systems at your fingertips},
 urldate = {2015-11-17},
 volume = {41}
}

@article{massi_microsecond_2005,
 author = {Massi, Francesca and Grey, Michael J. and Palmer, Arthur G.},
 date = {2005-03-01},
 journal = {Prot. Sci.},
 keyword = {15N spin relaxation,chemical exchange,multiple-quantum relaxation,Protein dynamics},
 langid = {english},
 link = {http://onlinelibrary.wiley.com/doi/10.1110/ps.041139505/abstract},
 number = {3},
 pages = {735--742},
 timestamp = {2016-04-05T11:23:31Z},
 title = {Microsecond timescale backbone conformational dynamics in ubiquitin studied with {{NMR R1\ensuremath{\rho}}} relaxation experiments},
 urldate = {2016-04-05},
 volume = {14}
}

@online{maxima_maxima_2014,
 date = {2014},
 url = {http://maxima.sourceforge.net/},
 timestamp = {2015-11-18T01:16:42Z},
 title = {Maxima, a {{Computer Algebra System}}. {{Version}} 5.34.1}
}

@article{meireles_pre-existing_2011,
 author = {Meireles, Lidio and Gur, Mert and Bakan, Ahmet and Bahar, Ivet},
 date = {2011-10},
 eprint = {21826755},
 eprinttype = {pmid},
 journal = {Protein Sci.},
 link = {http://www.ncbi.nlm.nih.gov/pmc/articles/PMC3218357/},
 number = {10},
 pages = {1645--1658},
 pmcid = {PMC3218357},
 timestamp = {2015-11-17T22:43:07Z},
 title = {Pre-existing soft modes of motion uniquely defined by native contact topology facilitate ligand binding to proteins},
 urldate = {2015-11-17},
 volume = {20}
}

@article{mendez_torsional_2010-1,
 author = {Mendez, Raul and Bastolla, Ugo},
 date = {2010-06-03},
 journal = {Phys. Rev. Lett.},
 link = {http://link.aps.org/doi/10.1103/PhysRevLett.104.228103},
 number = {22},
 pages = {228103},
 timestamp = {2016-03-30T09:21:17Z},
 title = {Torsional {{Network Model}}: {{Normal Modes}} in {{Torsion Angle Space Better Correlate}} with {{Conformation Changes}} in {{Proteins}}},
 urldate = {2016-03-30},
 volume = {104}
}

@article{metropolis_equation_1953,
 author = {Metropolis, Nicholas and Rosenbluth, Arianna W. and Rosenbluth, Marshall N. and Teller, Augusta H. and Teller, Edward},
 date = {1953-06-01},
 journaltitle = {The Journal of Chemical Physics},
 keyword = {Atomic and molecular interactions,Equations of state,Monte Carlo methods},
 link = {http://scitation.aip.org/content/aip/journal/jcp/21/6/10.1063/1.1699114},
 number = {6},
 pages = {1087--1092},
 timestamp = {2015-11-17T22:44:09Z},
 title = {Equation of {{State Calculations}} by {{Fast Computing Machines}}},
 urldate = {2015-11-17},
 volume = {21}
}

@article{meyer_model_2010,
 author = {Meyer, Tim and D'Abramo, Marco and Hospital, Adam and Rueda, Manuel and Ferrer-Costa, Carles and P{\'e}rez, Alberto and Carrillo, Oliver and Camps, Jordi and Fenollosa, Carles and Repchevsky, Dmitry and Gelp{\'\i}, Josep Lluis and Orozco, Modesto},
 date = {2010-11-10},
 eprint = {21070939},
 eprinttype = {pmid},
 journal = {Structure},
 keyword = {Databases; Protein,Data mining,Internet,Models; Molecular,Molecular Dynamics Simulation,Protein Conformation,Software,Solvents},
 number = {11},
 pages = {1399--1409},
 timestamp = {2015-11-18T01:11:59Z},
 title = {{{MoDEL}} ({{Molecular Dynamics Extended Library}}): a database of atomistic molecular dynamics trajectories},
 volume = {18}
}

@incollection{michael_introduction_????,
 author = {Michael, Steinbach and Kumar, Vipin and Tan, Pang-Ning},
 booktitle = {Introduction to {{Data Mining}}},
 pages = {487--568},
 publisher = {Addison-Wesley},
 timestamp = {2016-02-10T18:58:51Z},
 title = {Introduction to {{Data Mining}}},
 volume = {1}
}

@article{mobley_binding_2009,
 author = {Mobley, David L. and Dill, Ken A.},
 date = {2009-04},
 journal = {Structure},
 langid = {english},
 link = {http://linkinghub.elsevier.com/retrieve/pii/S0969212609000926},
 number = {4},
 pages = {489--498},
 timestamp = {2016-02-15T15:11:07Z},
 title = {Binding of {{Small-Molecule Ligands}} to {{Proteins}}: "{{What You See}}" {{Is Not Always}} "{{What You Get}}"},
 urldate = {2015-11-17},
 volume = {17}
}

@article{monod_nature_1965,
 author = {Monod, J. and Wyman, J. and Changeux, J. P.},
 date = {1965-05},
 eprint = {14343300},
 eprinttype = {pmid},
 journal = {J. Mol. Biol.},
 keyword = {Chemistry; Physical,Enzymes,EXPERIMENTAL LAB STUDY,HEMOGLOBIN,Hemoglobins,Kinetics,Models; Theoretical,Physicochemical Phenomena,Proteins,Research,Ultracentrifugation},
 pages = {88--118},
 timestamp = {2016-04-10T21:03:28Z},
 title = {On the nature of allosteric transitions: a plausible model},
 volume = {12}
}

@article{monza_insights_2015,
 author = {Monza, Emanuele and Lucas, M. Fatima and Camarero, Susana and Alejaldre, Lorea C. and Mart{\'\i}nez, Angel T. and Guallar, Victor},
 date = {2015-04-16},
 journal = {J. Phys. Chem. Lett.},
 link = {http://dx.doi.org/10.1021/acs.jpclett.5b00225},
 number = {8},
 pages = {1447--1453},
 timestamp = {2016-04-05T10:34:04Z},
 title = {Insights into {{Laccase Engineering}} from {{Molecular Simulations}}: {{Toward}} a {{Binding-Focused Strategy}}},
 urldate = {2016-04-05},
 volume = {6}
}

@article{moret_self-similarity_2009,
 author = {Moret, M. A. and Santana, M. C. and Zebende, G. F. and Pascutti, P. G.},
 date = {2009-10},
 eprint = {19905343},
 eprinttype = {pmid},
 journal = {Phys. Rev. E: Stat., Nonlinear, Soft Matter Phys.},
 keyword = {Databases; Protein,Hydrophobic and Hydrophilic Interactions,Protein Folding,Proteins,Solvents,Surface Properties,Water},
 number = {4 Pt 1},
 pages = {041908},
 timestamp = {2016-04-05T19:18:53Z},
 title = {Self-similarity and protein compactness},
 volume = {80}
}

@article{morris_autodock4_2009,
 author = {Morris, Garrett M. and Huey, Ruth and Lindstrom, William and Sanner, Michel F. and Belew, Richard K. and Goodsell, David S. and Olson, Arthur J.},
 date = {2009-12},
 eprint = {19399780},
 eprinttype = {pmid},
 journal = {J. Comput. Chem.},
 link = {http://www.ncbi.nlm.nih.gov/pmc/articles/PMC2760638/},
 number = {16},
 pages = {2785--2791},
 pmcid = {PMC2760638},
 timestamp = {2015-11-17T19:20:10Z},
 title = {{{AutoDock4}} and {{AutoDockTools4}}: {{Automated Docking}} with {{Selective Receptor Flexibility}}},
 urldate = {2015-11-17},
 volume = {30}
}

@article{morris_distributed_1996,
 author = {Morris, G. M. and Goodsell, D. S. and Huey, R. and Olson, A. J.},
 date = {1996-08},
 eprint = {8877701},
 eprinttype = {pmid},
 journal = {J. Comput. Aided Mol. Des.},
 keyword = {Azepines,Bacterial Proteins,Benzamidines,Biotin,Camphor,Camphor 5-Monooxygenase,cluster analysis,Computer Simulation,Crystallography; X-Ray,Hemagglutinins,HIV Protease,HIV Protease Inhibitors,Immunoglobulin Fab Fragments,Ligands,Molecular Conformation,N-Acetylneuraminic Acid,Phosphorylcholine,Protein Binding,Protein Conformation,Software,Streptavidin,Trypsin,User-Computer Interface},
 number = {4},
 pages = {293--304},
 timestamp = {2015-11-17T23:37:26Z},
 title = {Distributed automated docking of flexible ligands to proteins: parallel applications of {{AutoDock}} 2.4},
 volume = {10}
}

@article{moustakas_application_2007,
 author = {Moustakas, D. T.},
 date = {2007},
 journaltitle = {RSC Biomolecular Sciences},
 pages = {155--180},
 timestamp = {2015-11-17T19:31:23Z},
 title = {Application of docking methods to structure-based drug design}
}

@article{mukhopadhyay_proteasome-independent_2007,
 author = {Mukhopadhyay, Debdyuti and Riezman, Howard},
 date = {2007-01-12},
 eprint = {17218518},
 eprinttype = {pmid},
 journal = {Science},
 langid = {english},
 link = {http://science.sciencemag.org/content/315/5809/201},
 number = {5809},
 pages = {201--205},
 timestamp = {2016-04-05T11:09:46Z},
 title = {Proteasome-{{Independent Functions}} of {{Ubiquitin}} in {{Endocytosis}} and {{Signaling}}},
 urldate = {2016-04-05},
 volume = {315}
}

@article{mullner_fastcluster_2013,
 author = {Mullner, Daniel},
 date = {2013},
 journal = {J. Stat. Soft.},
 number = {9},
 pages = {1--18},
 timestamp = {2016-02-10T18:58:51Z},
 title = {fastcluster: {{Fast Hierarchical}}, {{Agglomerative Clustering Routines}} for {{R}} and {{Python}}},
 volume = {53}
}

@article{myung_accelerating_2010,
 author = {Myung, Hun-Joo and Sakamaki, Ryuji and Oh, Kwang-Jin and Narumi, Tetsu and Yasuoka, Kenji and Lee, Sik},
 date = {2010-12-20},
 journaltitle = {Bulletin of the Korean Chemical Society},
 langid = {english},
 link = {http://koreascience.or.kr/journal/view.jsp?kj=JCGMCS&py=2010&vnc=v31n12&sp=3639},
 number = {12},
 pages = {3639--3643},
 timestamp = {2015-11-17T22:55:39Z},
 title = {Accelerating {{Molecular Dynamics Simulation Using Graphics Processing Unit}}},
 urldate = {2015-11-17},
 volume = {31}
}

@article{nicklaus_conformational_1995,
 author = {Nicklaus, M. C. and Wang, S. and Driscoll, J. S. and Milne, G. W.},
 date = {1995-04},
 eprint = {8581425},
 eprinttype = {pmid},
 journal = {Bioorg. Med. Chem.},
 keyword = {Crystallography,Ligands,Models; Molecular,Molecular Conformation,Protein Binding,Proteins},
 number = {4},
 pages = {411--428},
 timestamp = {2015-11-17T20:06:06Z},
 title = {Conformational changes of small molecules binding to proteins},
 volume = {3}
}

@article{nilmeier_nonequilibrium_2011,
 author = {Nilmeier, Jerome P. and Crooks, Gavin E. and Minh, David D. L. and Chodera, John D.},
 date = {2011-11-08},
 eprint = {1105.2278},
 eprinttype = {arxiv},
 journaltitle = {Proceedings of the National Academy of Sciences},
 keyword = {Condensed Matter - Statistical Mechanics},
 link = {http://arxiv.org/abs/1105.2278},
 number = {45},
 pages = {E1009--E1018},
 timestamp = {2015-11-18T01:14:03Z},
 title = {Nonequilibrium candidate {{Monte Carlo}}: {{A}} new tool for efficient equilibrium simulation},
 urldate = {2015-11-18},
 volume = {108}
}

@article{noguti_dynamics_1983,
 author = {Noguti, Tosiyuki and G\={o}, Nobuhiro},
 date = {1983-09-15},
 journal = {J. Phys. Soc. Jpn.},
 link = {http://journals.jps.jp/doi/abs/10.1143/JPSJ.52.3283},
 number = {9},
 pages = {3283--3288},
 timestamp = {2015-11-18T01:23:33Z},
 title = {Dynamics of {{Native Globular Proteins}} in {{Terms}} of {{Dihedral Angles}}},
 urldate = {2015-11-18},
 volume = {52}
}

@article{noguti_efficient_1985,
 author = {Noguti, Tosiyuki and G\={o}, Noguhiro},
 date = {1985-03-01},
 journal = {Biopolymers},
 langid = {english},
 link = {http://onlinelibrary.wiley.com/doi/10.1002/bip.360240308/abstract},
 number = {3},
 pages = {527--546},
 timestamp = {2016-03-30T09:01:30Z},
 title = {Efficient monte carlo method for simulation of fluctuating conformations of native proteins},
 urldate = {2016-03-30},
 volume = {24}
}

@article{noguti_method_1983,
 author = {Noguti, Toshiyuki and G\={o}, Nobuhiro},
 date = {1983-10-15},
 journal = {J. Phys. Soc. Jpn.},
 link = {http://journals.jps.jp/doi/abs/10.1143/JPSJ.52.3685},
 number = {10},
 pages = {3685--3690},
 timestamp = {2015-11-18T01:24:46Z},
 title = {A {{Method}} of {{Rapid Calculation}} of a {{Second Derivative Matrix}} of {{Conformational Energy}} for {{Large Molecules}}},
 urldate = {2015-11-18},
 volume = {52}
}

@article{northrup_simulation_1980,
 author = {Northrup, S. H. and McCammon, J. A.},
 date = {1980-05},
 eprint = {7378544},
 eprinttype = {pmid},
 journal = {Biopolymers},
 keyword = {Mathematics,Methods,Models; Biological,Protein Conformation,Proteins},
 number = {5},
 pages = {1001--1016},
 timestamp = {2016-04-05T09:59:44Z},
 title = {Simulation methods for protein structure fluctuations},
 volume = {19}
}

@article{onufriev_exploring_2004,
 author = {Onufriev, Alexey and Bashford, Donald and Case, David A.},
 date = {2004-05-01},
 eprint = {15048829},
 eprinttype = {pmid},
 journal = {Proteins},
 keyword = {Bacterial Proteins,Computer Simulation,Models; Molecular,Poisson Distribution,Protein Conformation,Protein Folding,Proteins,Ribonucleases,Software,Solvents,Staphylococcal Protein A,Static Electricity,Thermodynamics,Thioredoxins,ubiquitin},
 number = {2},
 pages = {383--394},
 timestamp = {2015-11-18T00:09:48Z},
 title = {Exploring protein native states and large-scale conformational changes with a modified generalized born model},
 volume = {55}
}

@article{orellana_approaching_2010,
 author = {Orellana, Laura and Rueda, Manuel and Ferrer-Costa, Carles and Lopez-Blanco, Jos{\'e} Ram{\'o}n and Chac{\'o}n, Pablo and Orozco, Modesto},
 date = {2010-09-14},
 journal = {J. Chem. Theory Comput.},
 link = {http://dx.doi.org/10.1021/ct100208e},
 number = {9},
 pages = {2910--2923},
 timestamp = {2016-02-15T19:09:46Z},
 title = {Approaching {{Elastic Network Models}} to {{Molecular Dynamics Flexibility}}},
 urldate = {2015-11-17},
 volume = {6}
}

@article{oro_gay_parallelitzacio_2012,
 author = {Or{\'o} Gay, Xavier and {Rosa M Badia} and {Victor A Gil}},
 date = {2012-06-22},
 link = {http://upcommons.upc.edu/handle/2099.1/15498},
 timestamp = {2015-11-18T01:19:32Z},
 title = {Paral\ensuremath{\cdot}lelitzaci{\'o} del software de simulaci{\'o} {{PELE}}++ utilitzant {{GPUs}}},
 urldate = {2015-11-17}
}

@misc{ostwald_measuring_2013,
 author = {Ostwald, Dennis A. and Knippel, Julian},
 date = {2013-11},
 keyword = {<Ostwald>},
 publisher = {WifOR},
 timestamp = {2015-11-17T17:39:01Z},
 title = {Measuring the {{Economic Footprint}} of the {{Pharmaceutical Industry}}}
}

@article{paine_prediction_1985,
 author = {Paine, G. H. and Scheraga, H. A.},
 date = {1985-08},
 eprint = {4041544},
 eprinttype = {pmid},
 journal = {Biopolymers},
 keyword = {Enkephalins,Mathematics,Models; Biological,Protein Conformation},
 number = {8},
 pages = {1391--1436},
 timestamp = {2016-04-05T10:27:58Z},
 title = {Prediction of the native conformation of a polypeptide by a statistical-mechanical procedure. {{I}}. {{Backbone}} structure of enkephalin},
 volume = {24}
}

@article{pall_flexible_2013,
 author = {P{\'a}ll, Szil{\'a}rd and Hess, Berk},
 date = {2013-12},
 eprint = {1306.1737},
 eprinttype = {arxiv},
 journaltitle = {Computer Physics Communications},
 keyword = {Physics - Computational Physics},
 link = {http://arxiv.org/abs/1306.1737},
 number = {12},
 pages = {2641--2650},
 timestamp = {2015-11-17T23:06:22Z},
 title = {A flexible algorithm for calculating pair interactions on {{SIMD}} architectures},
 urldate = {2015-11-17},
 volume = {184}
}

@article{pande_everything_2010,
 author = {Pande, Vijay S. and Beauchamp, Kyle and Bowman, Gregory R.},
 date = {2010-09},
 eprint = {20570730},
 eprinttype = {pmid},
 journal = {Methods},
 link = {http://www.ncbi.nlm.nih.gov/pmc/articles/PMC2933958/},
 number = {1},
 pages = {99--105},
 pmcid = {PMC2933958},
 timestamp = {2016-01-31T12:50:11Z},
 title = {Everything you wanted to know about {{Markov State Models}} but were afraid to ask},
 urldate = {2016-01-31},
 volume = {52}
}

@article{paul_how_2010,
 author = {Paul, Steven M. and Mytelka, Daniel S. and Dunwiddie, Christopher T. and Persinger, Charles C. and Munos, Bernard H. and Lindborg, Stacy R. and Schacht, Aaron L.},
 date = {2010-03},
 journal = {Nat. Rev. Drug Discovery},
 keyword = {Steven M. Paul},
 langid = {english},
 link = {http://www.nature.com/nrd/journal/v9/n3/full/nrd3078.html},
 number = {3},
 pages = {203--214},
 timestamp = {2015-11-17T18:17:14Z},
 title = {How to improve {{R}}\&D productivity: the pharmaceutical industry's grand challenge},
 urldate = {2015-11-17},
 volume = {9}
}

@misc{peter_gwynne_pharmaceutical_????,
 author = {{Peter Gwynne} and {Gary Heebner}},
 link = {http://www.sciencemag.org/site/products/ddbt_0207_Final.xhtml},
 publisher = {Science},
 timestamp = {2015-11-17T18:43:43Z},
 title = {Pharmaceutical and biopharmaceutical firms need to reduce the cost and lead time of drug development. {{A}} range of recently developed technologies makes that goal possible.},
 urldate = {2015-11-17}
}

@article{phillips_conformational_2013,
 author = {Phillips, Aaron H. and Zhang, Yingnan and Cunningham, Christian N. and Zhou, Lijuan and Forrest, William F. and Liu, Peter S. and Steffek, Micah and Lee, James and Tam, Christine and Helgason, Elizabeth and Murray, Jeremy M. and Kirkpatrick, Donald S. and Fairbrother, Wayne J. and Corn, Jacob E.},
 date = {2013-09-07},
 eprint = {23801757},
 eprinttype = {pmid},
 journal = {Proc. Natl. Acad. Sci. U.S.A.},
 keyword = {computational design,phage display,Protein dynamics,proteinprotein interactions,ubiquitin signaling},
 langid = {english},
 link = {http://www.pnas.org/content/110/28/11379},
 number = {28},
 pages = {11379--11384},
 timestamp = {2016-04-05T11:24:36Z},
 title = {Conformational dynamics control ubiquitin-deubiquitinase interactions and influence in vivo signaling},
 urldate = {2016-04-05},
 volume = {110}
}

@article{phillips_validating_2011,
 author = {Phillips, Joshua L and Colvin, Michael E and Newsam, Shawn},
 date = {2011-11-14},
 eprint = {22082218},
 eprinttype = {pmid},
 journal = {BMC Bioinformatics},
 link = {http://www.ncbi.nlm.nih.gov/pmc/articles/PMC3284309/},
 pages = {445},
 pmcid = {PMC3284309},
 timestamp = {2016-01-31T19:13:43Z},
 title = {Validating clustering of molecular dynamics simulations using polymer models},
 urldate = {2016-01-31},
 volume = {12}
}

@misc{phrma_2011_2011,
 author = {PhRMA,},
 date = {2011-10},
 keyword = {<PhRMA 2015>},
 publisher = {Pharmaceutical Research and Manufacturers of America},
 timestamp = {2016-02-12T12:48:06Z},
 title = {2011 annual report}
}

@misc{phrma_2013_2013,
 author = {PhRMA,},
 date = {2013-07},
 keyword = {<PhRMA 2015>},
 publisher = {Pharmaceutical Research and Manufacturers of America},
 timestamp = {2016-02-12T12:47:32Z},
 title = {2013 biopharmaceutical research industry profile}
}

@misc{phrma_2015_2015,
 author = {PhRMA,},
 date = {2015-04},
 keyword = {<PhRMA 2015>},
 publisher = {Pharmaceutical Research and Manufacturers of America},
 timestamp = {2015-11-17T17:36:33Z},
 title = {2015 biopharmaceutical research industry profile}
}

@article{piana_atomic-level_2013,
 author = {Piana, Stefano and Lindorff-Larsen, Kresten and Shaw, David E.},
 date = {2013-09-04},
 eprint = {23503848},
 eprinttype = {pmid},
 journal = {Proc. Natl. Acad. Sci. U.S.A.},
 keyword = {CHARMM22*,energy landscape,enthalpy,phi-value analysis,prefactor},
 langid = {english},
 link = {http://www.pnas.org/content/110/15/5915},
 number = {15},
 pages = {5915--5920},
 timestamp = {2016-04-05T11:38:03Z},
 title = {Atomic-level description of ubiquitin folding},
 urldate = {2016-04-05},
 volume = {110}
}

@article{plattner_protein_2015,
 author = {Plattner, Nuria and No{\'e}, Frank},
 date = {2015-07-02},
 journal = {Nat. Commun.},
 keyword = {Biochemistry,Biological sciences,Molecular biology,Physical Chemistry},
 langid = {english},
 link = {http://www.nature.com/ncomms/2015/150702/ncomms8653/full/ncomms8653.html},
 pages = {7653},
 timestamp = {2016-04-05T11:07:00Z},
 title = {Protein conformational plasticity and complex ligand-binding kinetics explored by atomistic simulations and {{Markov}} models},
 urldate = {2016-04-05},
 volume = {6}
}

@article{ponder_force_2003,
 author = {Ponder, Jay W. and Case, David A.},
 date = {2003},
 eprint = {14631816},
 eprinttype = {pmid},
 journal = {Adv. Protein Chem.},
 keyword = {Computer Simulation,Databases; Protein,Models; Chemical,Models; Molecular,Models; Statistical,Peptides,Poisson Distribution,Protein Conformation,Protein Folding,Proteins,Static Electricity,Thermodynamics,Water},
 pages = {27--85},
 timestamp = {2016-01-30T19:05:55Z},
 title = {Force fields for protein simulations},
 volume = {66}
}

@article{prathipati_integration_2015,
 author = {Prathipati, Philip and Mizuguchi, Kenji},
 date = {2015-10-22},
 journal = {J. Chem. Inf. Model.},
 timestamp = {2016-04-10T21:01:50Z},
 title = {Integration of {{Ligand}} and {{Structure Based Approaches}} for {{CSAR}}-2014}
}

@article{rapaport_evolution_1981,
 author = {Rapaport, D. C. and Scheraga, H. A.},
 date = {1981-09-01},
 journal = {Macromolecules},
 link = {http://dx.doi.org/10.1021/ma50006a020},
 number = {5},
 pages = {1238--1246},
 timestamp = {2016-04-05T10:29:44Z},
 title = {Evolution and stability of polypeptide chain conformation: a simulation study},
 urldate = {2016-04-05},
 volume = {14}
}

@article{rarey_fast_1996,
 author = {Rarey, M. and Kramer, B. and Lengauer, T. and Klebe, G.},
 date = {1996-08-23},
 eprint = {8780787},
 eprinttype = {pmid},
 journal = {J. Mol. Biol.},
 keyword = {Algorithms,Ligands,Models; Molecular,Protein Binding,Proteins},
 number = {3},
 pages = {470--489},
 timestamp = {2015-11-17T19:23:17Z},
 title = {A fast flexible docking method using an incremental construction algorithm},
 volume = {261}
}

@article{raval_assessment_2016,
 author = {Raval, Alpan and Piana, Stefano and Eastwood, Michael P. and Shaw, David E.},
 date = {2016-01-01},
 journal = {Prot. Sci.},
 keyword = {CASP,contact-based restraints,distance restraints,Molecular dynamics,protein structure,structure prediction,ubiquitin},
 langid = {english},
 link = {http://onlinelibrary.wiley.com/doi/10.1002/pro.2770/abstract},
 number = {1},
 pages = {19--29},
 timestamp = {2016-04-05T10:51:27Z},
 title = {Assessment of the utility of contact-based restraints in accelerating the prediction of protein structure using molecular dynamics simulations},
 urldate = {2016-04-05},
 volume = {25}
}

@article{raval_refinement_2012,
 author = {Raval, Alpan and Piana, Stefano and Eastwood, Michael P. and Dror, Ron O. and Shaw, David E.},
 date = {2012-08-01},
 journal = {Proteins},
 keyword = {CHARMM22*,force fields,Protein Folding,protein structure prediction,sampling},
 langid = {english},
 link = {http://onlinelibrary.wiley.com/doi/10.1002/prot.24098/abstract},
 number = {8},
 pages = {2071--2079},
 timestamp = {2015-11-17T20:17:09Z},
 title = {Refinement of protein structure homology models via long, all-atom molecular dynamics simulations},
 urldate = {2015-11-17},
 volume = {80}
}

@article{rincon_munoz_alisis_2014,
 author = {Rinc{\'o}n Mu{\~n}oz, Alba and {Rosa M Badia} and {V{\'\i}ctor A. Gil}},
 date = {2014-12-17},
 link = {http://upcommons.upc.edu/handle/2099.1/24417},
 timestamp = {2015-11-18T01:19:25Z},
 title = {An{\'a}lisis vibracional de prote{\'\i}nas en coordenadas internas mediante el modelo {{ANM}}},
 urldate = {2015-11-18}
}

@article{romanov_surface_2004,
 author = {Romanov, Alexey N. and Jabin, Sergey N. and Martynov, Yaroslav B. and Sulimov, Alexey V. and Grigoriev, Fedor V. and Sulimov, Vladimir B.},
 date = {2004-10-01},
 journal = {J. Phys. Chem. A},
 link = {http://dx.doi.org/10.1021/jp046721s},
 number = {43},
 pages = {9323--9327},
 timestamp = {2016-02-15T19:17:12Z},
 title = {Surface {{Generalized Born Method}}: {{A Simple}}, {{Fast}}, and {{Precise Implicit Solvent Model}} beyond the {{Coulomb Approximation}}},
 urldate = {2015-11-17},
 volume = {108}
}

@book{rossum_python_1995,
 author = {van Rossum, Guido},
 date = {1995-04},
 keyword = {Object-oriented programming (Computer science),Programming languages (Electronic computers)},
 link = {http://www.python.org/doc/lib/lib.html},
 location = {pub-CWI},
 number = {CS-R9524},
 pagetotal = {iv + 186},
 publisher = {pub-CWI},
 timestamp = {2015-11-18T01:31:18Z},
 title = {Python library reference}
}

@article{rousseeuw_silhouettes_1987-1,
 author = {Rousseeuw, P.J.},
 date = {1987},
 issue = {C},
 journaltitle = {Journal of Computational and Applied Mathematics},
 pages = {53--65},
 timestamp = {2016-02-10T18:58:51Z},
 title = {Silhouettes: {{A}} graphical aid to the interpretation and validation of cluster analysis},
 volume = {20}
}

@article{rubin_nature_1966,
 author = {Rubin, M. M. and Changeux, J. P.},
 date = {1966-11-14},
 eprint = {5972463},
 eprinttype = {pmid},
 journal = {J. Mol. Biol.},
 keyword = {Chemistry; Physical,Models; Theoretical,Physicochemical Phenomena,Protein Binding,Proteins},
 number = {2},
 pages = {265--274},
 timestamp = {2015-11-17T19:41:39Z},
 title = {On the nature of allosteric transitions: implications of non-exclusive ligand binding},
 volume = {21}
}

@article{rueda_thorough_2007,
 author = {Rueda, Manuel and Chac{\'o}n, Pablo and Orozco, Modesto},
 date = {2007-05-16},
 journal = {Structure},
 link = {http://www.sciencedirect.com/science/article/pii/S0969212607001414},
 number = {5},
 pages = {565--575},
 timestamp = {2015-11-17T21:46:35Z},
 title = {Thorough {{Validation}} of {{Protein Normal Mode Analysis}}: {{A Comparative Study}} with {{Essential Dynamics}}},
 urldate = {2015-11-17},
 volume = {15}
}

@article{sander_density-based_1998-2,
 author = {Sander, Joerg and Ester, Martin and Kriegel, Hans-Peter and Xu, Xiaowei},
 date = {1998-06},
 journaltitle = {Data Mining and Knowledge Discovery},
 langid = {english},
 link = {http://link.springer.com/article/10.1023/A%3A1009745219419},
 number = {2},
 pages = {169--194},
 timestamp = {2016-02-10T21:34:55Z},
 title = {Density-{{Based Clustering}} in {{Spatial Databases}}: {{The Algorithm GDBSCAN}} and {{Its Applications}}},
 volume = {2}
}

@article{schanda_quantitative_2010,
 author = {Schanda, Paul and Meier, Beat H. and Ernst, Matthias},
 date = {2010-11-17},
 journal = {J. Am. Chem. Soc.},
 link = {http://dx.doi.org/10.1021/ja100726a},
 number = {45},
 pages = {15957--15967},
 timestamp = {2016-04-05T11:24:17Z},
 title = {Quantitative {{Analysis}} of {{Protein Backbone Dynamics}} in {{Microcrystalline Ubiquitin}} by {{Solid-State NMR Spectroscopy}}},
 urldate = {2016-04-05},
 volume = {132}
}

@article{schindler_crystal_1999,
 author = {Schindler, Thomas and Sicheri, Frank and Pico, Alexander and Gazit, Aviv and Levitzki, Alexander and Kuriyan, John},
 date = {1999-05},
 journal = {Mol. Cell},
 link = {http://www.sciencedirect.com/science/article/pii/S1097276500803573},
 number = {5},
 pages = {639--648},
 timestamp = {2016-04-05T11:33:47Z},
 title = {Crystal {{Structure}} of {{Hck}} in {{Complex}} with a {{Src Family\textendash{}Selective Tyrosine Kinase Inhibitor}}},
 urldate = {2016-04-05},
 volume = {3}
}

@article{schlick_tnpacktruncated_1992-1,
 author = {Schlick, Tamar and Fogelson, Aaron},
 date = {1992-03},
 journal = {ACM Trans. Math. Softw.},
 keyword = {nonlinear optimization,Sparse matrices,truncated Newton methods},
 number = {1},
 pages = {71--111},
 timestamp = {2016-04-10T21:10:07Z},
 title = {{{TNPACK}}\textemdash{}a {{Truncated Newton Minimization Package}} for {{Large}}-scale {{Problems}}: {{II}}. {{Implementation Examples}}},
 volume = {18}
}

@article{schmid_gpu_2010,
 author = {Schmid, Nathan and B{\"o}tschi, Mathias and van Gunsteren, Wilfred F.},
 date = {2010-06},
 eprint = {20127715},
 eprinttype = {pmid},
 journal = {J. Comput. Chem.},
 keyword = {Computer Simulation,Molecular Dynamics Simulation,Software,Solvents},
 number = {8},
 options = {useprefix=true},
 pages = {1636--1643},
 timestamp = {2015-11-17T23:05:08Z},
 title = {A {{GPU}} solvent-solvent interaction calculation accelerator for biomolecular simulations using the {{GROMOS}} software},
 volume = {31}
}

@article{schnell_non-traditional_2003,
 author = {Schnell, Joshua D. and Hicke, Linda},
 date = {2003-09-19},
 eprint = {12860974},
 eprinttype = {pmid},
 journal = {J. Biol. Chem.},
 langid = {english},
 link = {http://www.jbc.org/content/278/38/35857},
 number = {38},
 pages = {35857--35860},
 timestamp = {2016-04-05T11:09:15Z},
 title = {Non-traditional {{Functions}} of {{Ubiquitin}} and {{Ubiquitin}}-binding {{Proteins}}},
 urldate = {2016-04-05},
 volume = {278}
}

@incollection{sen_optimizing_2005,
 author = {Sen, Taner Z and Jernigan, Robert L},
 booktitle = {Normal {{Mode Analysis}}},
 date = {2005-12-12},
 pages = {171--186},
 publisher = {Chapman and Hall/CRC},
 series = {Chapman \& Hall/CRC Mathematical \& Computational Biology},
 timestamp = {2016-04-10T21:08:09Z},
 title = {Optimizing the {{Parameters}} of the {{Gaussian Network Model}} for {{ATP-Binding Proteins}}},
 volumes = {0}
}

@article{shan_how_2011,
 author = {Shan, Yibing and Kim, Eric T. and Eastwood, Michael P. and Dror, Ron O. and Seeliger, Markus A. and Shaw, David E.},
 date = {2011-06-22},
 journal = {J. Am. Chem. Soc.},
 link = {http://dx.doi.org/10.1021/ja202726y},
 number = {24},
 pages = {9181--9183},
 timestamp = {2015-11-17T23:19:27Z},
 title = {How {{Does}} a {{Drug Molecule Find Its Target Binding Site}}?},
 urldate = {2015-11-17},
 volume = {133}
}

@article{shao_clustering_2007,
 author = {Shao, Jianyin and Tanner, Stephen W. and Thompson, Nephi and Cheatham, Thomas E.},
 date = {2007-11-01},
 journal = {J. Chem. Theory Comput.},
 link = {http://dx.doi.org/10.1021/ct700119m},
 number = {6},
 pages = {2312--2334},
 timestamp = {2016-01-31T19:07:17Z},
 title = {Clustering {{Molecular Dynamics Trajectories}}: 1. {{Characterizing}} the {{Performance}} of {{Different Clustering Algorithms}}},
 urldate = {2016-01-31},
 volume = {3}
}

@article{shaw_anton_2008,
 author = {Shaw, David E. and Chao, Jack C. and Eastwood, Michael P. and Gagliardo, Joseph and Grossman, J. P. and Ho, C. Richard and Lerardi, Douglas J. and Kolossv{\'a}ry, Istv{\'a}n and Klepeis, John L. and Layman, Timothy and McLeavey, Christine and Deneroff, Martin M. and Moraes, Mark A. and Mueller, Rolf and Priest, Edward C. and Shan, Yibing and Spengler, Jochen and Theobald, Michael and Towles, Brian and Wang, Stanley C. and Dror, Ron O. and Kuskin, Jeffrey S. and Larson, Richard H. and Salmon, John K. and Young, Cliff and Batson, Brannon and Bowers, Kevin J.},
 date = {2008-07-01},
 journaltitle = {Communications of the ACM},
 langid = {english},
 link = {http://portal.acm.org/citation.cfm?doid=1364782.1364802},
 number = {7},
 pages = {91},
 timestamp = {2015-11-17T20:30:48Z},
 title = {Anton, a special-purpose machine for molecular dynamics simulation},
 urldate = {2015-11-17},
 volume = {51}
}

@article{sherman_novel_2006,
 author = {Sherman, Woody and Day, Tyler and Jacobson, Matthew P. and Friesner, Richard A. and Farid, Ramy},
 date = {2006-01-01},
 journal = {J. Med. Chem.},
 link = {http://dx.doi.org/10.1021/jm050540c},
 number = {2},
 pages = {534--553},
 timestamp = {2016-04-05T10:04:10Z},
 title = {Novel {{Procedure}} for {{Modeling Ligand}}/{{Receptor Induced Fit Effects}}},
 urldate = {2016-04-05},
 volume = {49}
}

@article{shi_normalized_2000,
 author = {Shi, Jianbo and Malik, Jitendra},
 date = {2000-08},
 journal = {IEEE Trans. Pattern Anal. Mach. Intell.},
 link = {http://dx.doi.org/10.1109/34.868688},
 number = {8},
 pages = {888--905},
 timestamp = {2016-02-10T18:58:51Z},
 title = {Normalized {{Cuts}} and {{Image Segmentation}}},
 volume = {22}
}

@article{shinjiro_toyoda_development_1999,
 author = {Shinjiro Toyoda, Hiroh Miyagawa},
 date = {1999},
 journal = {J. Comput. Chem.},
 number = {2},
 pages = {185--199},
 timestamp = {2015-11-17T20:32:05Z},
 title = {Development of {{MD Engine}}: {{High}}-speed accelerator with parallel processor design for molecular dynamics simulations},
 volume = {20}
}

@article{shukla_activation_2014,
 author = {Shukla, Diwakar and Meng, Yilin and Roux, Beno{\^\i}t and Pande, Vijay S.},
 date = {2014-03-03},
 journal = {Nat. Commun.},
 keyword = {Biochemistry,Biological sciences,Biophysics},
 langid = {english},
 link = {http://www.nature.com/ncomms/2014/140303/ncomms4397/full/ncomms4397.html},
 pages = {3397},
 timestamp = {2016-04-05T10:03:03Z},
 title = {Activation pathway of {{Src}} kinase reveals intermediate states as targets for drug design},
 urldate = {2016-04-05},
 volume = {5}
}

@article{skjaerven_principal_2011,
 author = {Skjaerven, Lars and Martinez, Aurora and Reuter, Nathalie},
 date = {2011-01-01},
 journal = {Proteins},
 keyword = {GroEL,Molecular Dynamics Simulation,NMA,PCA},
 langid = {english},
 link = {http://onlinelibrary.wiley.com/doi/10.1002/prot.22875/abstract},
 number = {1},
 pages = {232--243},
 timestamp = {2016-04-05T10:39:28Z},
 title = {Principal component and normal mode analysis of proteins; a quantitative comparison using the {{GroEL}} subunit},
 urldate = {2016-04-05},
 volume = {79}
}

@article{sklenar_using_2006,
 author = {Sklenar, Heinz and W{\"u}stner, Daniel and Rohs, Remo},
 date = {2006-02},
 eprint = {16355439},
 eprinttype = {pmid},
 journal = {J. Comput. Chem.},
 keyword = {Algorithms,Monte Carlo Method,Nucleic Acid Conformation,Nucleic acids},
 number = {3},
 pages = {309--315},
 timestamp = {2015-11-18T01:09:32Z},
 title = {Using internal and collective variables in {{Monte Carlo}} simulations of nucleic acid structures: chain breakage/closure algorithm and associated {{Jacobians}}},
 volume = {27}
}

@online{spaeth_spaeth_????-1,
 author = {Spaeth, Helmuth},
 langid = {english},
 url = {http://people.sc.fsu.edu/\%0020jburkardt/f_src/spaeth/\%0020spaeth.html},
 timestamp = {2016-02-10T18:58:52Z},
 title = {{SPAETH Cluster Analysis Tools}}
}

@article{stein_torsion-angle_1997,
 author = {Stein, Evan G. and Rice, Luke M. and Br{\"u}nger, Axel T.},
 date = {1997-01},
 journal = {J. Magn. Reson.},
 link = {http://www.sciencedirect.com/science/article/pii/S1090780796910277},
 number = {1},
 pages = {154--164},
 timestamp = {2015-11-18T01:06:51Z},
 title = {Torsion-{{Angle Molecular Dynamics}} as a {{New Efficient Tool}} for {{NMR Structure Calculation}}},
 urldate = {2015-11-18},
 volume = {124}
}

@article{stultz_assessment_2004,
 author = {Stultz, Collin M.},
 date = {2004-10-01},
 journal = {J. Phys. Chem. B},
 link = {http://dx.doi.org/10.1021/jp047126t},
 number = {42},
 pages = {16525--16532},
 timestamp = {2016-04-07T18:16:34Z},
 title = {An {{Assessment}} of {{Potential}} of {{Mean Force Calculations}} with {{Implicit Solvent Models}}},
 urldate = {2016-04-07},
 volume = {108}
}

@inproceedings{taiji_protein_2003,
 author = {Taiji, Makoto and Narumi, T. and Ohno, Yousuke and Futatsugi, N. and Suenaga, A. and Takada, N. and Konagaya, A.},
 booktitle = {Supercomputing, 2003 {{ACM}}/{{IEEE Conference}}},
 date = {2003-11},
 eventtitle = {Supercomputing, 2003 ACM/IEEE Conference},
 keyword = {Application software,Bioinformatics,Computational modeling,Computer architecture,Computer Simulation,Engines,Hardware,History,Pipelines,Proteins},
 pages = {15--15},
 timestamp = {2015-11-17T20:33:15Z},
 title = {Protein {{Explorer}}: {{A Petaflops Special-Purpose Computer System}} for {{Molecular Dynamics Simulations}}}
}

@article{takahashi_monte_2014-1,
 author = {Takahashi, Ryoji and Gil, V{\'\i}ctor A. and Guallar, Victor},
 date = {2014-01-14},
 journal = {J. Chem. Theory Comput.},
 link = {http://dx.doi.org/10.1021/ct400678g},
 number = {1},
 pages = {282--288},
 timestamp = {2015-11-17T22:28:36Z},
 title = {Monte {{Carlo Free Ligand Diffusion}} with {{Markov State Model Analysis}} and {{Absolute Binding Free Energy Calculations}}},
 urldate = {2015-11-17},
 volume = {10}
}

@article{tama_building-block_2000,
 author = {Tama, F. and Gadea, F. X. and Marques, O. and Sanejouand, Y. H.},
 date = {2000-10-01},
 eprint = {10944387},
 eprinttype = {pmid},
 journal = {Proteins},
 keyword = {Algorithms,Protein Conformation,Proteins},
 number = {1},
 pages = {1--7},
 timestamp = {2015-11-17T22:43:24Z},
 title = {Building-block approach for determining low-frequency normal modes of macromolecules},
 volume = {41}
}

@article{tama_conformational_2001,
 author = {Tama, F. and Sanejouand, Y. H.},
 date = {2001-01},
 eprint = {11287673},
 eprinttype = {pmid},
 journal = {Protein Eng.},
 keyword = {Amino Acid Sequence,Crystallography; X-Ray,Models; Molecular,Models; Theoretical,Molecular Sequence Data,Motion,Protein Conformation,Protein Structure; Secondary},
 number = {1},
 pages = {1--6},
 timestamp = {2015-11-18T01:03:21Z},
 title = {Conformational change of proteins arising from normal mode calculations},
 volume = {14}
}

@article{tang_fast_2014,
 author = {Tang, Ke and Zhang, Jinfeng and Liang, Jie},
 date = {2014-04-24},
 eprint = {24763317},
 eprinttype = {pmid},
 journal = {PLoS Comput. Biol.},
 link = {http://www.ncbi.nlm.nih.gov/pmc/articles/PMC3998890/},
 number = {4},
 pmcid = {PMC3998890},
 timestamp = {2016-04-10T11:46:45Z},
 title = {Fast {{Protein Loop Sampling}} and {{Structure Prediction Using Distance-Guided Sequential Chain-Growth Monte Carlo Method}}},
 urldate = {2016-04-10},
 volume = {10}
}

@article{tanrikulu_pseudoreceptor_2008,
 author = {Tanrikulu, Yusuf and Schneider, Gisbert},
 date = {2008-08},
 journal = {Nat. Rev. Drug Discovery},
 langid = {english},
 link = {http://www.nature.com/nrd/journal/v7/n8/full/nrd2615.html},
 number = {8},
 pages = {667--677},
 timestamp = {2015-11-17T18:59:13Z},
 title = {Pseudoreceptor models in drug design: bridging ligand- and receptor-based virtual screening},
 urldate = {2015-11-17},
 volume = {7}
}

@article{taylor_darwin_2000,
 author = {Taylor, J. S. and Burnett, R. M.},
 date = {2000-11-01},
 eprint = {10966571},
 eprinttype = {pmid},
 journal = {Proteins},
 keyword = {Algorithms,Antibodies; Monoclonal,Concanavalin A,Crystallography; X-Ray,Immunoglobulin Fab Fragments,Models; Molecular,Protein Conformation,Proteins,Reproducibility of Results,Sensitivity and Specificity,Software},
 number = {2},
 pages = {173--191},
 timestamp = {2015-11-17T19:57:15Z},
 title = {{{DARWIN}}: a program for docking flexible molecules},
 volume = {41}
}

@article{tejedor_high-productivity_2012,
 author = {Tejedor, Enric and Farreras, Montse and Grove, David and Badia, Rosa M. and Almasi, Gheorghe and Labarta, Jesus},
 date = {2012-12},
 journal = {Concurr. Comput. : Pract. Exper.},
 keyword = {asynchronous execution,high performance computing,parallel programming models,productivity},
 link = {http://dx.doi.org/10.1002/cpe.2831},
 number = {18},
 pages = {2421--2448},
 timestamp = {2016-01-31T13:10:33Z},
 title = {A {{High}}-productivity {{Task}}-based {{Programming Model}} for {{Clusters}}},
 urldate = {2016-01-31},
 volume = {24}
}

@article{tejedor_pycompss_2015,
 author = {Tejedor, Enric and Becerra, Yolanda and Alomar, Guillem and Queralt, Anna and Badia, Rosa M. and Torres, Jordi and Cortes, Toni and Labarta, Jes{\'u}s},
 date = {2015-08-19},
 journal = {Int. J. High Perform. Comput. Appl.},
 keyword = {Big Data storage,parallel programming models,Python,Scientic computing},
 langid = {english},
 link = {http://hpc.sagepub.com/content/early/2015/08/19/1094342015594678},
 pages = {1094342015594678},
 timestamp = {2016-01-31T13:12:04Z},
 title = {{{PyCOMPSs}}: {{Parallel}} computational workflows in {{Python}}},
 urldate = {2016-01-31}
}

@article{theobald_rapid_2005-1,
 author = {Theobald, Douglas L.},
 date = {2005-07},
 eprint = {15973002},
 eprinttype = {pmid},
 issue = {Pt 4},
 journal = {Acta Crystallogr., A, Found. Crystallogr.},
 pages = {478--480},
 timestamp = {2015-11-18T01:33:06Z},
 title = {Rapid calculation of {{RMSDs}} using a quaternion-based characteristic polynomial},
 volume = {61}
}

@article{thomas_tertiary_1999,
 author = {Thomas, A. and Hinsen, K. and Field, M. J. and Perahia, D.},
 date = {1999-01-01},
 eprint = {10336386},
 eprinttype = {pmid},
 journal = {Proteins},
 keyword = {Allosteric Site,Aspartate Carbamoyltransferase,Carbamyl Phosphate,Models; Molecular,Models; Statistical,Protein Conformation,Protein Structure; Secondary,Protein Structure; Tertiary,Zinc},
 number = {1},
 pages = {96--112},
 timestamp = {2015-11-17T21:48:05Z},
 title = {Tertiary and quaternary conformational changes in aspartate transcarbamylase: a normal mode study},
 volume = {34}
}

@article{tirion_large_1996,
 author = {Tirion, Monique M.},
 date = {1996-08-26},
 journal = {Phys. Rev. Lett.},
 link = {http://link.aps.org/doi/10.1103/PhysRevLett.77.1905},
 number = {9},
 pages = {1905--1908},
 timestamp = {2015-11-17T20:33:38Z},
 title = {Large {{Amplitude Elastic Motions}} in {{Proteins}} from a {{Single-Parameter}}, {{Atomic Analysis}}},
 urldate = {2015-11-17},
 volume = {77}
}

@misc{tollman_revolution_2001,
 author = {Tollman, Peter and Guy, Philippe and Altshuler, Jill and Flanagan, Alastair and Steiner, Michael},
 date = {2001-11},
 publisher = {The Boston Consulting Group},
 timestamp = {2016-04-10T20:58:47Z},
 title = {A {{Revolution}} in {{R}}\&D: {{How Genomics}} and {{Genetics Are Transforming The Biopharmaceutical Industry}}}
}

@article{tosiyuki_noguti_efficient_1985,
 author = {Tosiyuki Noguti, Noguhiro G\={o}},
 date = {1985},
 journal = {Biopolymers},
 number = {3},
 timestamp = {2015-11-18T01:08:48Z},
 title = {Efficient {{Monte Carlo}} method for simulation of fluctuating conformations of native proteins},
 volume = {24}
}

@article{totrov_flexible_2008,
 author = {Totrov, Maxim and Abagyan, Ruben},
 date = {2008-04},
 journaltitle = {Current Opinion in Structural Biology},
 langid = {english},
 link = {http://linkinghub.elsevier.com/retrieve/pii/S0959440X08000080},
 number = {2},
 pages = {178--184},
 timestamp = {2015-11-17T19:32:16Z},
 title = {Flexible ligand docking to multiple receptor conformations: a practical alternative},
 urldate = {2015-11-17},
 volume = {18}
}

@article{trosset_prodock_1999,
 author = {Trosset, Jean-Yves and Scheraga, Harold A.},
 date = {1999-03-01},
 journal = {J. Comput. Chem.},
 keyword = {docking,Molecular modeling,Monte Carlo minimization,Optimization,quaternions},
 langid = {english},
 link = {http://onlinelibrary.wiley.com/doi/10.1002/(SICI)1096-987X(199903)20:4<412::AID-JCC3>3.0.CO;2-N/abstract},
 number = {4},
 pages = {412--427},
 timestamp = {2015-11-17T23:36:00Z},
 title = {Prodock: {{Software}} package for protein modeling and docking},
 urldate = {2015-11-17},
 volume = {20}
}

@article{tse_molecular_2015,
 author = {Tse, Amanda and Verkhivker, Gennady M.},
 date = {2015-08-24},
 journal = {J. Chem. Inf. Model.},
 link = {http://dx.doi.org/10.1021/acs.jcim.5b00240},
 number = {8},
 pages = {1645--1662},
 timestamp = {2016-04-05T10:02:36Z},
 title = {Molecular {{Dynamics Simulations}} and {{Structural Network Analysis}} of c-{{Abl}} and c-{{Src Kinase Core Proteins}}: {{Capturing Allosteric Mechanisms}} and {{Communication Pathways}} from {{Residue Centrality}}},
 urldate = {2016-04-05},
 volume = {55}
}

@article{tuffery_flexibility_2012,
 author = {Tuffery, Pierre and Derreumaux, Philippe},
 date = {2012-01-07},
 eprint = {21993006},
 eprinttype = {pmid},
 journal = {J. R. Soc. Interface},
 keyword = {Algorithms,Binding Sites,Computational Biology,Computer Simulation,Databases; Protein,Ligands,Models; Molecular,Protein Interaction Domains and Motifs,Protein Interaction Mapping,Proteins},
 number = {66},
 pages = {20--33},
 pmcid = {PMC3223636},
 timestamp = {2015-11-17T19:10:27Z},
 title = {Flexibility and binding affinity in protein-ligand, protein-protein and multi-component protein interactions: limitations of current computational approaches},
 volume = {9}
}

@article{umeyama_least-squares_1991,
 author = {Umeyama, S.},
 date = {1991-04},
 journaltitle = {IEEE Transactions on Pattern Analysis and Machine Intelligence},
 number = {4},
 pages = {376--380},
 timestamp = {2015-11-18T01:34:08Z},
 title = {Least-squares estimation of transformation parameters between two point patterns},
 volume = {13}
}

@article{van_der_spoel_gromacs_2005,
 author = {Van Der Spoel, David and Lindahl, Erik and Hess, Berk and Groenhof, Gerrit and Mark, Alan E. and Berendsen, Herman J. C.},
 date = {2005-12},
 eprint = {16211538},
 eprinttype = {pmid},
 journal = {J. Comput. Chem.},
 keyword = {Algorithms,Cell Membrane,Computer Simulation,Membrane Proteins,Models; Chemical,Molecular Structure,Protein Folding,Software,Stochastic Processes,Thermodynamics},
 number = {16},
 pages = {1701--1718},
 timestamp = {2016-04-05T11:31:08Z},
 title = {{{GROMACS}}: fast, flexible, and free},
 volume = {26}
}

@article{verkhivker_complexity_2002,
 author = {Verkhivker, Gennady M. and Bouzida, Djamal and Gehlhaar, Daniel K. and Rejto, Paul A. and Freer, Stephan T. and Rose, Peter W.},
 date = {2002-04},
 eprint = {11959497},
 eprinttype = {pmid},
 journal = {Curr. Opin. Struct. Biol.},
 keyword = {Ligands,Macromolecular Substances,Models; Biological,Models; Molecular},
 number = {2},
 pages = {197--203},
 timestamp = {2016-01-31T10:53:21Z},
 title = {Complexity and simplicity of ligand-macromolecule interactions: the energy landscape perspective},
 volume = {12}
}

@article{vijay-kumar_structure_1987,
 author = {Vijay-Kumar, Senadhi and Bugg, Charles E. and Cook, William J.},
 date = {1987-04-05},
 journal = {J. Mol. Biol.},
 link = {http://www.sciencedirect.com/science/article/pii/0022283687906796},
 number = {3},
 pages = {531--544},
 timestamp = {2016-04-05T11:17:00Z},
 title = {Structure of ubiquitin refined at 1.{{8\AA{}resolution}}},
 urldate = {2016-04-05},
 volume = {194}
}

@inproceedings{walters_accelerating_????,
 author = {Walters, John Paul and Balu, Vidyananth and Chaudhary, Vipin and Kofke, David and Schultz, Andrew},
 timestamp = {2015-11-17T23:04:00Z},
 title = {Accelerating {{Molecular Dynamics Simulations}} with {{GPUs}}.}
}

@article{weis_ligand_2006,
 author = {Weis, Aaron and Katebzadeh, Kambiz and Soederhjelm, Paer and Nilsson, Ingemar and Ryde, Ulf},
 date = {2006-11},
 journal = {J. Med. Chem.},
 langid = {english},
 link = {http://pubs.acs.org/doi/abs/10.1021/jm0608210},
 number = {22},
 pages = {6596--6606},
 timestamp = {2016-02-15T15:39:23Z},
 title = {Ligand {{Affinities Predicted}} with the {{MM}}/{{PBSA Method}}: {{Dependence}} on the {{Simulation Method}} and the {{Force Field}}},
 urldate = {2015-11-17},
 volume = {49}
}

@online{wersdorfer_spectral_????,
 author = {Wersdorfer, Jochen},
 langid = {english},
 url = {http://wersdoerfer.com/\%0020jochen/s9y/index.php?/archives/\%0020109-spectral-clustering-with-python.html},
 timestamp = {2016-02-10T18:58:52Z},
 title = {Spectral clustering with python}
}

@book{wilson_molecular_2012,
 author = {Wilson, E. Bright and Decius, J. C. and Cross, Paul C.},
 date = {2012-05-11},
 keyword = {Science / Chemistry / General},
 langid = {english},
 pagetotal = {414},
 publisher = {Courier Corporation},
 timestamp = {2015-11-18T01:05:08Z},
 title = {Molecular {{Vibrations}}: {{The Theory}} of {{Infrared}} and {{Raman Vibrational Spectra}}}
}

@article{wilson_refined_1993,
 author = {Wilson, D. K. and Tarle, I. and Petrash, J. M. and Quiocho, F. A.},
 date = {1993-11-01},
 eprint = {8234324},
 eprinttype = {pmid},
 journal = {Proc. Natl. Acad. Sci. U.S.A.},
 keyword = {Aldehyde Reductase,Amino Acid Sequence,Benzothiazoles,Binding Sites,Humans,Models; Molecular,Molecular Structure,NADP,Phthalazines,Protein Conformation,Protein Structure; Secondary,Recombinant Proteins,Thiazoles,X-Ray Diffraction},
 number = {21},
 pages = {9847--9851},
 pmcid = {PMC47669},
 timestamp = {2015-11-17T19:50:32Z},
 title = {Refined 1.8 {{A}} structure of human aldose reductase complexed with the potent inhibitor zopolrestat},
 volume = {90}
}

@article{wlodawer_inhibitors_1998,
 author = {Wlodawer, A. and Vondrasek, J.},
 date = {1998},
 eprint = {9646869},
 eprinttype = {pmid},
 journal = {Annu. Rev. Biophys. Biomol. Struct.},
 keyword = {Binding Sites,Biophysics,Drug Design,HIV Protease,HIV Protease Inhibitors,Humans,Indinavir,Models; Molecular,Nelfinavir,Nuclear Magnetic Resonance; Biomolecular,Protein Structure; Secondary,Quantum Theory},
 pages = {249--284},
 timestamp = {2015-11-17T19:48:15Z},
 title = {Inhibitors of {{HIV}}-1 protease: a major success of structure-assisted drug design},
 volume = {27}
}

@article{wong_molecular_2005,
 author = {Wong, Chung F. and Kua, Jeremy and Zhang, Yingkai and Straatsma, T. P. and McCammon, J. Andrew},
 date = {2005-12-01},
 eprint = {16245317},
 eprinttype = {pmid},
 journal = {Proteins},
 keyword = {Azepines,Computer Simulation,Cyclic AMP-Dependent Protein Kinases,Enzyme Inhibitors,Hydroxybenzoates,Kinetics,Ligands,Models; Molecular,Molecular Conformation,Protein Binding,Stress; Mechanical},
 number = {4},
 pages = {850--858},
 timestamp = {2015-11-17T20:30:03Z},
 title = {Molecular docking of balanol to dynamics snapshots of protein kinase {{A}}},
 volume = {61}
}

@article{wright_linking_2009,
 author = {Wright, Peter E and Dyson, H Jane},
 date = {2009-02},
 journaltitle = {Current Opinion in Structural Biology},
 langid = {english},
 link = {http://linkinghub.elsevier.com/retrieve/pii/S0959440X08001796},
 number = {1},
 pages = {31--38},
 timestamp = {2015-11-17T19:44:46Z},
 title = {Linking folding and binding},
 urldate = {2015-11-17},
 volume = {19}
}

@article{xiang_prediction_2007,
 author = {Xiang, Zhexin and Steinbach, Peter J. and Jacobson, Matthew P. and Friesner, Richard A. and Honig, Barry},
 date = {2007-03-01},
 eprint = {17206724},
 eprinttype = {pmid},
 journal = {Proteins},
 link = {http://www.ncbi.nlm.nih.gov/pmc/articles/PMC2743384/},
 number = {4},
 pages = {814--823},
 pmcid = {PMC2743384},
 timestamp = {2015-11-17T23:45:53Z},
 title = {Prediction of {{Side-Chain Conformations}} on {{Protein Surfaces}}},
 urldate = {2015-11-17},
 volume = {66}
}

@article{xie_remark_1999,
 author = {Xie, Dexuan and Schlick, Tamar},
 date = {1999-03},
 journal = {ACM Trans. Math. Softw.},
 keyword = {indefinite preconditioner,modified Cholesky factorization,molecular potential minimization,truncated Newton method},
 link = {http://doi.acm.org/10.1145/305658.305698},
 number = {1},
 pages = {108--122},
 timestamp = {2015-11-20T13:53:44Z},
 title = {Remark on {{Algorithm}} 702\textemdash{}the {{Updated Truncated Newton Minimization Package}}},
 urldate = {2015-11-20},
 volume = {25}
}

@article{yang_close_2008,
 author = {Yang, Lei and Song, Guang and Carriquiry, Alicia and Jernigan, Robert L.},
 date = {2008-02},
 eprint = {18275822},
 eprinttype = {pmid},
 journal = {Structure},
 link = {http://www.ncbi.nlm.nih.gov/pmc/articles/PMC2350220/},
 number = {2},
 pages = {321--330},
 pmcid = {PMC2350220},
 timestamp = {2015-11-17T23:27:51Z},
 title = {Close {{Correspondence}} between the {{Essential Protein Motions}} from {{Principal Component Analysis}} of {{Multiple HIV}}-1 {{Protease Structures}} and {{Elastic Network Modes}}},
 urldate = {2015-11-17},
 volume = {16}
}

@article{yang_comparisons_2009,
 author = {Yang, Lei and Song, Guang and Jernigan, Robert L.},
 date = {2009-07},
 eprint = {19127591},
 eprinttype = {pmid},
 journal = {Proteins},
 link = {http://www.ncbi.nlm.nih.gov/pmc/articles/PMC2775930/},
 number = {1},
 pages = {164--175},
 pmcid = {PMC2775930},
 timestamp = {2015-11-17T23:29:20Z},
 title = {Comparisons of {{Experimental}} and {{Computed Protein Anisotropic Temperature Factors}}},
 urldate = {2015-11-17},
 volume = {76}
}

@article{yildirim_benchmarking_2011,
 author = {Yildirim, Ilyas and Stern, Harry A. and Tubbs, Jason D. and Kennedy, Scott D. and Turner, Douglas H.},
 date = {2011-07-28},
 eprint = {21721539},
 eprinttype = {pmid},
 journal = {J. Phys. Chem. B},
 link = {http://www.ncbi.nlm.nih.gov/pmc/articles/PMC3140773/},
 number = {29},
 pages = {9261--9270},
 pmcid = {PMC3140773},
 timestamp = {2016-02-15T19:18:45Z},
 title = {Benchmarking {{AMBER Force Fields}} for {{RNA}}: {{Comparisons}} to {{NMR Spectra}} for {{Single-Stranded}} r({{GACC}}) {{Are Improved}} by {{Revised}} $\chi$ {{Torsions}}},
 urldate = {2015-11-17},
 volume = {115}
}

@article{yue_distance-constrained_1990,
 author = {Yue, S. Y.},
 date = {1990-12},
 eprint = {2075193},
 eprinttype = {pmid},
 journal = {Protein Eng.},
 keyword = {Aspartic Acid Endopeptidases,Binding Sites,Enzymes,Hydrogen Bonding,Models; Molecular,Monte Carlo Method,Oligopeptides,Thermodynamics},
 number = {2},
 pages = {177--184},
 timestamp = {2015-11-17T19:41:52Z},
 title = {Distance-constrained molecular docking by simulated annealing},
 volume = {4}
}

@article{yun_artist_2006,
 author = {Yun, Mi-Ran and Lavery, R. and Mousseau, N. and Zakrzewska, K. and Derreumaux, P.},
 date = {2006-03-07},
 journaltitle = {Proteins: Structure, Function, and Bioinformatics},
 langid = {english},
 link = {http://doi.wiley.com/10.1002/prot.20938},
 number = {4},
 pages = {967--975},
 timestamp = {2015-11-17T19:27:03Z},
 title = {{{ARTIST}}: {{An}} activated method in internal coordinate space for sampling protein energy landscapes},
 urldate = {2015-11-17},
 volume = {63}
}

@article{zavodszky_side-chain_2005,
 author = {Zavodszky, Maria I. and Kuhn, Leslie A.},
 date = {2005-04},
 eprint = {15772311},
 eprinttype = {pmid},
 journal = {Protein Sci.},
 link = {http://www.ncbi.nlm.nih.gov/pmc/articles/PMC2253453/},
 number = {4},
 pages = {1104--1114},
 pmcid = {PMC2253453},
 timestamp = {2016-02-14T19:09:11Z},
 title = {Side-chain flexibility in protein-ligand binding: {{The}} minimal rotation hypothesis},
 urldate = {2015-11-17},
 volume = {14}
}

@inproceedings{zelnik-manor_self-tuning_2004-1,
 author = {Zelnik-manor, Lihi and Perona, Pietro},
 booktitle = {Advances in {{Neural Information Processing Systems}} 17},
 date = {2004},
 pages = {1601--1608},
 publisher = {MIT Press},
 timestamp = {2016-02-10T18:58:51Z},
 title = {Self-tuning spectral clustering}
}

@article{zhang_residual_2012,
 author = {Zhang, Weihong and Ganguly, Debabani and Chen, Jianhan},
 journal = {PLoS Comput. Biol.},
 keyword = {Biochemical simulations,Biophysical simulations,Free energy,Intrinsically disordered proteins,Protein interactions,protein structure,Salt bridges,Simulation and modeling},
 link = {http://journals.plos.org/ploscompbiol/article?id=10.1371/journal.pcbi.1002353},
 number = {1},
 pages = {e1002353},
 timestamp = {2016-04-07T18:15:25Z},
 title = {Residual {{Structures}}, {{Conformational Fluctuations}}, and {{Electrostatic Interactions}} in the {{Synergistic Folding}} of {{Two Intrinsically Disordered Proteins}}},
 urldate = {2016-04-07},
 volume = {8}
}

@article{zheng_anharmonic_2010,
 author = {Zheng, Wenjun},
 date = {2010-06-16},
 eprint = {20550915},
 eprinttype = {pmid},
 journal = {Biophys. J.},
 link = {http://www.ncbi.nlm.nih.gov/pmc/articles/PMC2884254/},
 number = {12},
 pages = {3025--3034},
 pmcid = {PMC2884254},
 timestamp = {2015-11-18T01:06:34Z},
 title = {Anharmonic {{Normal Mode Analysis}} of {{Elastic Network Model Improves}} the~{{Modeling}} of {{Atomic Fluctuations}} in {{Protein Crystal Structures}}},
 urldate = {2015-11-18},
 volume = {98}
}

@article{zhou_can_2002,
 author = {Zhou, Ruhong and Berne, Bruce J.},
 date = {2002-01-10},
 eprint = {12242327},
 eprinttype = {pmid},
 journal = {Proc. Natl. Acad. Sci. U.S.A.},
 langid = {english},
 link = {http://www.pnas.org/content/99/20/12777},
 number = {20},
 pages = {12777--12782},
 timestamp = {2016-04-07T18:25:10Z},
 title = {Can a continuum solvent model reproduce the free energy landscape of a \ensuremath{\beta}-hairpin folding in water?},
 urldate = {2016-04-07},
 volume = {99}
}

@article{zhou_research_2012-1,
 author = {Zhou, Hongfang and Wang, Peng and Li, Hongfang},
 date = {2012},
 journal = {J. Info. Comput. Science},
 pages = {1967--1973},
 timestamp = {2016-02-10T18:58:51Z},
 title = {Research on {{Adaptive Parameters Determination}} in {{DBSCAN Algorithm}}},
 volume = {9 (7)}
}

@article{zhu_improved_2007,
 author = {Zhu, Kai and Shirts, Michael R. and Friesner, Richard A.},
 date = {2007-11-01},
 journal = {J. Chem. Theory Comput.},
 link = {http://dx.doi.org/10.1021/ct700166f},
 number = {6},
 pages = {2108--2119},
 timestamp = {2016-02-15T19:17:59Z},
 title = {Improved {{Methods}} for {{Side Chain}} and {{Loop Predictions}} via the {{Protein Local Optimization Program}}: {{Variable Dielectric Model}} for {{Implicitly Improving}} the {{Treatment}} of {{Polarization Effects}}},
 urldate = {2015-11-17},
 volume = {3}
}

