@article{ali_comp_pred_hiv_2016,
author = {Ali Hosseini and Andreu Alib\'es and Marc Noguera-Julian and Victor A. Gil and Roger Paredes and Robert Soliva and Modesto Orozco and Victor Guallar},
title = {Computational Prediction of HIV-1 Resistance to Protease Inhibitors},
journal = {J. Chem. Inf. Model.},
date = {2016-4},
year = {2016},
doi = {10.1021/acs.jcim.5b00667},
URL = {http://dx.doi.org/10.1021/acs.jcim.5b00667}
}


@article{diamond_note_1988,
  title = {A {{Note}} on the {{Rotational Superposition Problem}}},
  volume = {A},
  timestamp = {2013-04-16T10:19:00Z},
  number = {44},
  journal = {Acta Crystallographica Section A Foundations of Crystallography},
  author = {Diamond, R.},
  date = {1988},
  pages = {211--216}
}

@book{fedorovsky_pyvib2_2007,
  title = {{{PyVib2}}, a program for analyzing vibrational motion and vibrational spectra},
  url = {http://pyvib2.sourceforge.net},
  timestamp = {2013-06-05T15:26:42Z},
  author = {Fedorovsky, M.},
  date = {2007}
}

@misc{ostwald_measuring_2013,
  title = {Measuring the {{Economic Footprint}} of the {{Pharmaceutical Industry}}},
  timestamp = {2015-11-17T17:39:01Z},
  publisher = {{WifOR}},
  author = {Ostwald, Dennis A. and Knippel, Julian},
  date = {2013-11},
  keywords = {<Ostwald>}
}

@misc{phrma_2015_2015,
  title = {2015 biopharmaceutical research industry profile},
  timestamp = {2015-11-17T17:36:33Z},
  publisher = {{Pharmaceutical Research and Manufacturers of America}},
  author = {PhRMA,},
  date = {2015-04},
  keywords = {<PhRMA 2015>}
}

@online{who_world_????,
  title = {World {{Health Organization}} : {{Global Health Observatory}} ({{GHO}}) data},
  url = {http://www.who.int/gho/mortality_burden_disease/life_tables/situation_trends/en/},
  timestamp = {2015-11-17T17:41:38Z},
  titleaddon = {World Health Organization : Global Health Observatory (GHO) data},
  author = {WHO,},
  urldate = {2015-11-17},
  keywords = {<Mortality>}
}

@online{kristopher_hult_should_????,
  title = {Should {{Investors Pay Attention To The Alleged Productivity Crises In Pharma}}?},
  url = {http://www.forbes.com/sites/tomasphilipson/2015/04/03/should-investors-pay-attention-to-the-alleged-productivity-crises-in-pharma/},
  timestamp = {2015-11-17T17:43:08Z},
  titleaddon = {Forbes},
  author = {{Kristopher Hult} and {Tomas Philipson}},
  urldate = {2015-11-17},
  keywords = {<Hult>}
}

@misc{cder_2013_2014,
  title = {2013 {{Novel New Drugs}}},
  timestamp = {2015-11-17T17:46:53Z},
  publisher = {{US Food and Drug Administration, Center for Drug Evaluation and Research}},
  author = {CDER,},
  date = {2014-01},
  keywords = {<CDER>}
}

@article{dimasi_price_2003,
  title = {The price of innovation: new estimates of drug development costs},
  volume = {22},
  url = {http://econpapers.repec.org/article/eeejhecon/v_3a22_3ay_3a2003_3ai_3a2_3ap_3a151-185.htm},
  timestamp = {2015-11-17T17:50:00Z},
  number = {2},
  journal = {Journal of Health Economics},
  author = {DiMasi, Joseph and Hansen, Ronald W. and Grabowski, Henry G.},
  urldate = {2015-11-17},
  date = {2003},
  pages = {151--185},
  keywords = {<DiMasi>}
}

@article{goozner_800_2004,
  title = {The \$800 million pill: The truth behind the cost of new drugs},
  volume = {114},
  url = {http://www.ncbi.nlm.nih.gov/pmc/articles/PMC524318/},
  timestamp = {2016-02-15T19:06:22Z},
  number = {9},
  journal = {J Clin Invest},
  author = {Goozner, Merril},
  urldate = {2015-11-17},
  date = {2004-11-01},
  pages = {1182},
  keywords = {Goozner},
  eprinttype = {pmid},
  eprint = {null},
  pmcid = {PMC524318}
}

@article{light_demythologizing_2011,
  title = {Demythologizing the high costs of pharmaceutical research},
  volume = {6},
  url = {http://www.palgrave-journals.com/biosoc/journal/v6/n1/abs/biosoc201040a.html},
  timestamp = {2015-11-17T18:04:54Z},
  langid = {english},
  number = {1},
  journal = {BioSocieties},
  author = {Light, Donald W. and Warburton, Rebecca},
  urldate = {2015-11-17},
  date = {2011-03},
  pages = {34--50},
  keywords = {Light2011}
}

@article{harvey_acemd_2009,
  title = {{{ACEMD}}: {{Accelerating Biomolecular Dynamics}} in the {{Microsecond Time Scale}}},
  volume = {5},
  url = {http://dx.doi.org/10.1021/ct9000685},
  timestamp = {2015-11-18T23:19:46Z},
  number = {6},
  journal = {J. Chem. Theory Comput.},
  author = {Harvey, M. J. and Giupponi, G. and Fabritiis, G. De},
  urldate = {2015-11-18},
  date = {2009-06-09},
  pages = {1632--1639}
}

@incollection{donald_w_light_basic_2006,
  location = {{Geneva}},
  title = {Basic {{Research Funds}} to {{Discover Important New Drugs}}: who contributes how much?},
  timestamp = {2015-11-17T18:16:18Z},
  booktitle = {Monitoring the {{Financial Flows}} for {{Health Research}} 2005:{{Behind}} the {{Global Numbers}}},
  publisher = {{Global Forum for Health Research}},
  author = {{Donald W Light}},
  date = {2006},
  pages = {27--45},
  keywords = {Light2006}
}

@article{paul_how_2010,
  title = {How to improve {{R}}\&D productivity: the pharmaceutical industry's grand challenge},
  volume = {9},
  url = {http://www.nature.com/nrd/journal/v9/n3/full/nrd3078.html},
  timestamp = {2015-11-17T18:17:14Z},
  langid = {english},
  number = {3},
  journal = {Nat Rev Drug Discov},
  author = {Paul, Steven M. and Mytelka, Daniel S. and Dunwiddie, Christopher T. and Persinger, Charles C. and Munos, Bernard H. and Lindborg, Stacy R. and Schacht, Aaron L.},
  urldate = {2015-11-17},
  date = {2010-03},
  pages = {203--214},
  keywords = {Steven M. Paul}
}

@misc{hughes_innovation_2007,
  title = {The {{Innovation Gap}} in {{Pharmaceutical Drug Discovery}} \& {{New Models}} for {{R}}\&D {{Success}}},
  timestamp = {2015-11-17T18:22:58Z},
  publisher = {{Kellogg School of Management}},
  author = {Hughes, Edward F.X. and {Michael Hu} and {Karl Schultz} and {Jack Sheu} and {Daniel Tschopp}},
  date = {2007-03-12},
  keywords = {Hughes}
}

@article{chong_new_2007,
  title = {New uses for old drugs},
  volume = {448},
  url = {http://www.nature.com/nature/journal/v448/n7154/full/448645a.html},
  timestamp = {2015-11-17T18:24:53Z},
  langid = {english},
  number = {7154},
  journal = {Nature},
  author = {Chong, Curtis R. and Sullivan, David J.},
  urldate = {2015-11-17},
  date = {2007-08-09},
  pages = {645--646},
  keywords = {Chong}
}

@article{xie_remark_1999,
  title = {Remark on {{Algorithm}} 702\textemdash{}the {{Updated Truncated Newton Minimization Package}}},
  volume = {25},
  url = {http://doi.acm.org/10.1145/305658.305698},
  timestamp = {2015-11-20T13:53:44Z},
  number = {1},
  journal = {ACM Trans. Math. Softw.},
  author = {Xie, Dexuan and Schlick, Tamar},
  urldate = {2015-11-20},
  date = {1999-03},
  pages = {108--122},
  keywords = {indefinite preconditioner,modified Cholesky factorization,molecular potential minimization,truncated Newton method}
}

@article{cutler_proteomics_2015,
  title = {Proteomics in pharmaceutical research and development},
  volume = {9},
  timestamp = {2015-11-17T18:26:12Z},
  number = {7-8},
  journal = {Proteomics Clin Appl},
  author = {Cutler, Paul and Voshol, Hans},
  date = {2015-08},
  pages = {643--650},
  keywords = {Cutler},
  eprinttype = {pmid},
  eprint = {25763573}
}

@article{hopkins_druggable_2002,
  title = {The druggable genome},
  volume = {1},
  url = {http://www.nature.com/nrd/journal/v1/n9/full/nrd892.html},
  timestamp = {2015-11-17T18:28:00Z},
  langid = {english},
  number = {9},
  journal = {Nat Rev Drug Discov},
  author = {Hopkins, Andrew L. and Groom, Colin R.},
  urldate = {2015-11-17},
  date = {2002-09},
  pages = {727--730}
}

@article{grenet_significance_2001,
  title = {Significance of the human genome sequence to drug discovery},
  volume = {1},
  url = {http://www.nature.com/tpj/journal/v1/n1/full/6500010a.html},
  timestamp = {2015-11-17T18:28:46Z},
  langid = {english},
  number = {1},
  journal = {Pharmacogenomics J},
  author = {Grenet, O.},
  urldate = {2015-11-17},
  date = {2001},
  pages = {11--12}
}

@online{garnier_rebuilding_????,
  title = {Rebuilding the {{R}}\&D {{Engine}} in {{Big Pharma}}},
  url = {https://hbr.org/2008/05/rebuilding-the-rd-engine-in-big-pharma},
  timestamp = {2015-11-17T18:30:01Z},
  titleaddon = {Harvard Business Review},
  author = {Garnier, Jean-Pierre},
  urldate = {2015-11-17}
}

@misc{peter_gwynne_pharmaceutical_????,
  title = {Pharmaceutical and biopharmaceutical firms need to reduce the cost and lead time of drug development. {{A}} range of recently developed technologies makes that goal possible.},
  url = {http://www.sciencemag.org/site/products/ddbt_0207_Final.xhtml},
  timestamp = {2015-11-17T18:43:43Z},
  publisher = {{Science}},
  author = {{Peter Gwynne} and {Gary Heebner}},
  urldate = {2015-11-17}
}

@article{verkhivker_complexity_2002,
  title = {Complexity and simplicity of ligand-macromolecule interactions: the energy landscape perspective},
  volume = {12},
  timestamp = {2016-01-31T10:53:21Z},
  number = {2},
  journal = {Curr. Opin. Struct. Biol.},
  author = {Verkhivker, Gennady M. and Bouzida, Djamal and Gehlhaar, Daniel K. and Rejto, Paul A. and Freer, Stephan T. and Rose, Peter W.},
  date = {2002-04},
  pages = {197--203},
  keywords = {Ligands,Macromolecular Substances,Models; Biological,Models; Molecular},
  eprinttype = {pmid},
  eprint = {11959497}
}

@article{jiang_soft_1991,
  title = {"{{Soft}} docking": matching of molecular surface cubes},
  volume = {219},
  timestamp = {2016-01-31T11:13:33Z},
  number = {1},
  journal = {J. Mol. Biol.},
  author = {Jiang, F. and Kim, S. H.},
  date = {1991-05-05},
  pages = {79--102},
  keywords = {Antigen-Antibody Complex,Binding Sites,Databases; Factual,Enzymes,Models; Molecular,Muramidase,Protein Conformation,Proteins,Trypsin,Trypsin Inhibitors},
  eprinttype = {pmid},
  eprint = {2023263}
}

@article{humphrey_vmd_1996-1,
  title = {{{VMD}}: {{Visual}} molecular dynamics},
  volume = {14},
  url = {http://www.sciencedirect.com/science/article/pii/0263785596000185},
  timestamp = {2016-01-31T12:03:41Z},
  number = {1},
  journal = {Journal of Molecular Graphics},
  author = {Humphrey, William and Dalke, Andrew and Schulten, Klaus},
  urldate = {2016-01-31},
  date = {1996-02},
  pages = {33--38},
  keywords = {interactive visualization,molecular dynamics visualization,Molecular modeling}
}

@article{bakan_prody_2011-2,
  title = {{{ProDy}}: protein dynamics inferred from theory and experiments},
  volume = {27},
  timestamp = {2016-01-31T12:05:17Z},
  number = {11},
  journal = {Bioinformatics},
  author = {Bakan, Ahmet and Meireles, Lidio M. and Bahar, Ivet},
  date = {2011-06-01},
  pages = {1575--1577},
  keywords = {Computer graphics,Models; Molecular,Protein Conformation,Proteins,Software},
  eprinttype = {pmid},
  eprint = {21471012},
  pmcid = {PMC3102222}
}

@misc{tollman_revolution_2001,
  title = {A {{Revolution}} in {{R}}\&D: {{How Genomics}} and {{Genetics Are Transforming The Biopharmaceutical Industry}}},
  timestamp = {2016-04-10T20:58:47Z},
  publisher = {{The Boston Consulting Group}},
  author = {Tollman, Peter and Guy, Philippe and Altshuler, Jill and Flanagan, Alastair and Steiner, Michael},
  date = {2001-11}
}

@article{clark_prospective_2009,
  title = {Prospective {{Ligand}}- and {{Target-Based 3D QSAR}}: {{State}} of the {{Art}} 2008},
  volume = {9},
  url = {http://www.eurekaselect.com/openurl/content.php?genre=article&issn=1568-0266&volume=9&issue=9&spage=791},
  timestamp = {2015-11-17T18:48:23Z},
  langid = {english},
  number = {9},
  journal = {Current Topics in Medicinal Chemistry},
  author = {Clark, Robert},
  urldate = {2015-11-17},
  date = {2009-06-01},
  pages = {791--810}
}

@article{dror_novel_2009,
  title = {Novel {{Approach}} for {{Efficient Pharmacophore-Based Virtual Screening}}: {{Method}} and {{Applications}}},
  volume = {49},
  url = {http://pubs.acs.org/doi/abs/10.1021/ci900263d},
  timestamp = {2015-11-17T18:48:59Z},
  langid = {english},
  number = {10},
  journal = {Journal of Chemical Information and Modeling},
  author = {Dror, Oranit and Schneidman-Duhovny, Dina and Inbar, Yuval and Nussinov, Ruth and Wolfson, Haim J.},
  urldate = {2015-11-17},
  date = {2009-10-26},
  pages = {2333--2343}
}

@article{bajorath_integration_2002,
  title = {Integration of virtual and high-throughput screening},
  volume = {1},
  timestamp = {2015-11-17T18:56:47Z},
  number = {11},
  journal = {Nat Rev Drug Discov},
  author = {Bajorath, J{\"u}rgen},
  date = {2002-11},
  pages = {882--894},
  keywords = {Drug Design,Structure-Activity Relationship,Technology; Pharmaceutical},
  eprinttype = {pmid},
  eprint = {12415248}
}

@article{tanrikulu_pseudoreceptor_2008,
  title = {Pseudoreceptor models in drug design: bridging ligand- and receptor-based virtual screening},
  volume = {7},
  url = {http://www.nature.com/nrd/journal/v7/n8/full/nrd2615.html},
  timestamp = {2015-11-17T18:59:13Z},
  langid = {english},
  number = {8},
  journal = {Nat Rev Drug Discov},
  author = {Tanrikulu, Yusuf and Schneider, Gisbert},
  urldate = {2015-11-17},
  date = {2008-08},
  pages = {667--677}
}

@article{jones_differential_2014,
  title = {Differential {{Control}} of {{Heme Reactivity}} in {{Alpha}} and {{Beta Subunits}} of {{Hemoglobin}}: {{A Combined Raman Spectroscopic}} and {{Computational Study}}},
  volume = {136},
  url = {http://dx.doi.org/10.1021/ja503328a},
  timestamp = {2015-11-24T11:51:23Z},
  number = {29},
  journal = {J. Am. Chem. Soc.},
  author = {Jones, Eric M. and Monza, Emanuele and Balakrishnan, Gurusamy and Blouin, George C. and Mak, Piotr J. and Zhu, Qianhong and Kincaid, James R. and Guallar, Victor and Spiro, Thomas G.},
  urldate = {2015-11-24},
  date = {2014-07-23},
  pages = {10325--10339}
}

@article{berman_protein_2000,
  title = {The {{Protein Data Bank}}},
  volume = {28},
  timestamp = {2015-11-17T19:00:58Z},
  number = {1},
  journal = {Nucleic Acids Res.},
  author = {Berman, H. M. and Westbrook, J. and Feng, Z. and Gilliland, G. and Bhat, T. N. and Weissig, H. and Shindyalov, I. N. and Bourne, P. E.},
  date = {2000-01-01},
  pages = {235--242},
  keywords = {Databases; Factual,Information Storage and Retrieval,Internet,Magnetic Resonance Spectroscopy,Protein Conformation,Proteins},
  eprinttype = {pmid},
  eprint = {10592235},
  pmcid = {PMC102472}
}

@thesis{schaerfe_critical_2011,
  title = {A {{Critical Assessment}} of the {{Impact}} of {{Computational Methods}} on the {{Productivity}} in {{Pharmaceutical Research}} and {{Development}}},
  timestamp = {2015-11-17T19:04:46Z},
  institution = {{University of Warwick}},
  type = {Master {{Thesis}}},
  author = {Schaerfe, Charlotta},
  date = {2011}
}

@article{gil-redondo_vsdmip_2009,
  title = {{{VSDMIP}}: virtual screening data management on an integrated platform},
  volume = {23},
  timestamp = {2015-11-17T19:07:32Z},
  number = {3},
  journal = {J. Comput. Aided Mol. Des.},
  author = {Gil-Redondo, Rub{\'e}n and Estrada, Jorge and Morreale, Antonio and Herranz, Fernando and Sancho, Javier and Ortiz, Angel R.},
  date = {2009-03},
  pages = {171--184},
  keywords = {Database Management Systems,Databases; Protein,Drug Design,Ligands,Protein Binding,Proteins,Small Molecule Libraries,Solvents},
  eprinttype = {pmid},
  eprint = {18941902}
}

@article{le_guilloux_fpocket_2009,
  title = {Fpocket: {{An}} open source platform for ligand pocket detection},
  volume = {10},
  url = {http://www.biomedcentral.com/1471-2105/10/168},
  timestamp = {2015-11-17T19:08:37Z},
  langid = {english},
  number = {1},
  journal = {BMC Bioinformatics},
  author = {Le Guilloux, Vincent and Schmidtke, Peter and Tuffery, Pierre},
  urldate = {2015-11-17},
  date = {2009},
  pages = {168}
}

@article{huang_ligsitecsc_2006,
  title = {{{LIGSITEcsc}}: predicting ligand binding sites using the {{Connolly}} surface and degree of conservation},
  volume = {6},
  url = {http://www.biomedcentral.com/1472-6807/6/19/abstract},
  timestamp = {2015-11-17T19:09:52Z},
  langid = {english},
  number = {1},
  journal = {BMC Structural Biology},
  author = {Huang, Bingding and Schroeder, Michael},
  urldate = {2015-11-17},
  date = {2006-09-24},
  pages = {19},
  eprinttype = {pmid},
  eprint = {16995956}
}

@article{tuffery_flexibility_2012,
  title = {Flexibility and binding affinity in protein-ligand, protein-protein and multi-component protein interactions: limitations of current computational approaches},
  volume = {9},
  timestamp = {2015-11-17T19:10:27Z},
  number = {66},
  journal = {J R Soc Interface},
  author = {Tuffery, Pierre and Derreumaux, Philippe},
  date = {2012-01-07},
  pages = {20--33},
  keywords = {Algorithms,Binding Sites,Computational Biology,Computer Simulation,Databases; Protein,Ligands,Models; Molecular,Protein Interaction Domains and Motifs,Protein Interaction Mapping,Proteins},
  eprinttype = {pmid},
  eprint = {21993006},
  pmcid = {PMC3223636}
}

@article{mobley_binding_2009,
  title = {Binding of {{Small-Molecule Ligands}} to {{Proteins}}: "{{What You See}}" {{Is Not Always}} "{{What You Get}}"},
  volume = {17},
  url = {http://linkinghub.elsevier.com/retrieve/pii/S0969212609000926},
  timestamp = {2016-02-15T15:11:07Z},
  langid = {english},
  number = {4},
  journal = {Structure},
  author = {Mobley, David L. and Dill, Ken A.},
  urldate = {2015-11-17},
  date = {2009-04},
  pages = {489--498}
}

@article{weis_ligand_2006,
  title = {Ligand {{Affinities Predicted}} with the {{MM}}/{{PBSA Method}}: {{Dependence}} on the {{Simulation Method}} and the {{Force Field}}},
  volume = {49},
  url = {http://pubs.acs.org/doi/abs/10.1021/jm0608210},
  timestamp = {2016-02-15T15:39:23Z},
  langid = {english},
  number = {22},
  journal = {Journal of Medicinal Chemistry},
  author = {Weis, Aaron and Katebzadeh, Kambiz and Soederhjelm, Paer and Nilsson, Ingemar and Ryde, Ulf},
  urldate = {2015-11-17},
  date = {2006-11},
  pages = {6596--6606}
}

@article{jain_surflex_2003,
  title = {Surflex: fully automatic flexible molecular docking using a molecular similarity-based search engine},
  volume = {46},
  timestamp = {2015-11-17T19:16:17Z},
  number = {4},
  journal = {J. Med. Chem.},
  author = {Jain, Ajay N.},
  date = {2003-02-13},
  pages = {499--511},
  keywords = {Algorithms,Binding Sites,Crystallography; X-Ray,Herpesvirus 1; Human,Ligands,Models; Molecular,Proteins,Quantitative Structure-Activity Relationship,Receptors; Estrogen,Thymidine Kinase},
  eprinttype = {pmid},
  eprint = {12570372}
}

@article{kuntz_geometric_1982,
  title = {A geometric approach to macromolecule-ligand interactions},
  volume = {161},
  url = {http://www.sciencedirect.com/science/article/pii/002228368290153X},
  timestamp = {2015-11-17T19:19:16Z},
  number = {2},
  journal = {Journal of Molecular Biology},
  author = {Kuntz, Irwin D. and Blaney, Jeffrey M. and Oatley, Stuart J. and Langridge, Robert and Ferrin, Thomas E.},
  urldate = {2015-11-17},
  date = {1982-10-25},
  pages = {269--288}
}

@article{morris_autodock4_2009,
  title = {{{AutoDock4}} and {{AutoDockTools4}}: {{Automated Docking}} with {{Selective Receptor Flexibility}}},
  volume = {30},
  url = {http://www.ncbi.nlm.nih.gov/pmc/articles/PMC2760638/},
  timestamp = {2015-11-17T19:20:10Z},
  number = {16},
  journal = {J Comput Chem},
  author = {Morris, Garrett M. and Huey, Ruth and Lindstrom, William and Sanner, Michel F. and Belew, Richard K. and Goodsell, David S. and Olson, Arthur J.},
  urldate = {2015-11-17},
  date = {2009-12},
  pages = {2785--2791},
  eprinttype = {pmid},
  eprint = {19399780},
  pmcid = {PMC2760638}
}

@article{jones_molecular_1995,
  title = {Molecular recognition of receptor sites using a genetic algorithm with a description of desolvation},
  volume = {245},
  url = {http://www.sciencedirect.com/science/article/pii/S0022283695800379},
  timestamp = {2015-11-17T19:21:16Z},
  number = {1},
  journal = {Journal of Molecular Biology},
  author = {Jones, Gareth and Willett, Peter and Glen, Robert C.},
  urldate = {2015-11-17},
  date = {1995},
  pages = {43--53},
  keywords = {desolvation,genetic algorithm,protein ligand docking}
}

@article{friesner_glide_2004,
  title = {Glide: {{A New Approach}} for {{Rapid}}, {{Accurate Docking}} and {{Scoring}}. 1. {{Method}} and {{Assessment}} of {{Docking Accuracy}}},
  volume = {47},
  url = {http://dx.doi.org/10.1021/jm0306430},
  timestamp = {2016-02-15T15:09:17Z},
  number = {7},
  journal = {J. Med. Chem.},
  author = {Friesner, Richard A. and Banks, Jay L. and Murphy, Robert B. and Halgren, Thomas A. and Klicic, Jasna J. and Mainz, Daniel T. and Repasky, Matthew P. and Knoll, Eric H. and Shelley, Mee and Perry, Jason K. and Shaw, David E. and Francis, Perry and Shenkin, Peter S.},
  urldate = {2015-11-17},
  date = {2004-03-01},
  pages = {1739--1749}
}

@article{rarey_fast_1996,
  title = {A fast flexible docking method using an incremental construction algorithm},
  volume = {261},
  timestamp = {2015-11-17T19:23:17Z},
  number = {3},
  journal = {J. Mol. Biol.},
  author = {Rarey, M. and Kramer, B. and Lengauer, T. and Klebe, G.},
  date = {1996-08-23},
  pages = {470--489},
  keywords = {Algorithms,Ligands,Models; Molecular,Protein Binding,Proteins},
  eprinttype = {pmid},
  eprint = {8780787}
}

@article{abagyan_icm_1994,
  title = {{{ICM}} - {{A}} new method for protein modeling and design: {{Applications}} to docking and structure prediction from the distorted native conformation},
  volume = {15},
  url = {http://onlinelibrary.wiley.com/doi/10.1002/jcc.540150503/abstract},
  timestamp = {2016-02-14T19:28:20Z},
  langid = {english},
  number = {5},
  journal = {J. Comput. Chem.},
  author = {Abagyan, Ruben and Totrov, Maxim and Kuznetsov, Dmitry},
  urldate = {2015-11-17},
  date = {1994-05-01},
  pages = {488--506}
}

@article{yun_artist_2006,
  title = {{{ARTIST}}: {{An}} activated method in internal coordinate space for sampling protein energy landscapes},
  volume = {63},
  url = {http://doi.wiley.com/10.1002/prot.20938},
  timestamp = {2015-11-17T19:27:03Z},
  langid = {english},
  number = {4},
  journal = {Proteins: Structure, Function, and Bioinformatics},
  author = {Yun, Mi-Ran and Lavery, R. and Mousseau, N. and Zakrzewska, K. and Derreumaux, P.},
  urldate = {2015-11-17},
  date = {2006-03-07},
  pages = {967--975}
}

@article{moustakas_application_2007,
  title = {Application of docking methods to structure-based drug design},
  timestamp = {2015-11-17T19:31:23Z},
  journal = {RSC Biomolecular Sciences},
  author = {Moustakas, D. T.},
  date = {2007},
  pages = {155--180}
}

@article{totrov_flexible_2008,
  title = {Flexible ligand docking to multiple receptor conformations: a practical alternative},
  volume = {18},
  url = {http://linkinghub.elsevier.com/retrieve/pii/S0959440X08000080},
  timestamp = {2015-11-17T19:32:16Z},
  langid = {english},
  number = {2},
  journal = {Current Opinion in Structural Biology},
  author = {Totrov, Maxim and Abagyan, Ruben},
  urldate = {2015-11-17},
  date = {2008-04},
  pages = {178--184}
}

@article{de_beer_role_2010,
  title = {The {{Role}} of {{Water Molecules}} in {{Computational Drug Design}}},
  volume = {10},
  url = {http://www.eurekaselect.com/openurl/content.php?genre=article&issn=1568-0266&volume=10&issue=1&spage=55},
  timestamp = {2015-11-17T19:32:56Z},
  langid = {english},
  number = {1},
  journal = {Current Topics in Medicinal Chemistry},
  author = {de Beer, Stephanie and Vermeulen, Nico and Oostenbrink, Chris},
  urldate = {2015-11-17},
  date = {2010-01-01},
  pages = {55--66},
  options = {useprefix=true}
}

@article{doman_molecular_2002,
  title = {Molecular docking and high-throughput screening for novel inhibitors of protein tyrosine phosphatase-{{1B}}},
  volume = {45},
  timestamp = {2015-11-17T19:33:57Z},
  number = {11},
  journal = {J. Med. Chem.},
  author = {Doman, Thompson N. and McGovern, Susan L. and Witherbee, Bryan J. and Kasten, Thomas P. and Kurumbail, Ravi and Stallings, William C. and Connolly, Daniel T. and Shoichet, Brian K.},
  date = {2002-05-23},
  pages = {2213--2221},
  keywords = {Benzene Derivatives,Crystallography; X-Ray,Databases; Factual,Enzyme Inhibitors,Heterocyclic Compounds,Ligands,Models; Molecular,Protein Binding,Protein Tyrosine Phosphatase; Non-Receptor Type 1,Protein Tyrosine Phosphatases,Structure-Activity Relationship},
  eprinttype = {pmid},
  eprint = {12014959}
}

@article{hartshorn_diverse_2007,
  title = {Diverse, high-quality test set for the validation of protein-ligand docking performance},
  volume = {50},
  timestamp = {2015-11-17T19:35:05Z},
  number = {4},
  journal = {J. Med. Chem.},
  author = {Hartshorn, Michael J. and Verdonk, Marcel L. and Chessari, Gianni and Brewerton, Suzanne C. and Mooij, Wijnand T. M. and Mortenson, Paul N. and Murray, Christopher W.},
  date = {2007-02-22},
  pages = {726--741},
  keywords = {Binding Sites,Crystallography; X-Ray,Databases; Protein,Ligands,Models; Molecular,Molecular Structure,Protein Binding,Proteins,Quantitative Structure-Activity Relationship,Sequence Analysis; Protein},
  eprinttype = {pmid},
  eprint = {17300160}
}

@article{fischer_einfluss_????,
  title = {Einfluss der {{Configuration}} auf die {{Wirkung}} der {{Enzyme}}.(1894) {{Ber}}},
  volume = {27},
  timestamp = {2015-11-17T19:38:20Z},
  journal = {Dtsch. Chem. Ges},
  author = {Fischer, E},
  pages = {2984}
}

@article{koshland_application_1958,
  title = {Application of a {{Theory}} of {{Enzyme Specificity}} to {{Protein Synthesis}}},
  volume = {44},
  url = {http://www.pnas.org/content/44/2/98},
  timestamp = {2015-11-17T19:40:30Z},
  langid = {english},
  number = {2},
  journal = {PNAS},
  author = {Koshland, D. E.},
  urldate = {2015-11-17},
  date = {1958-01-02},
  pages = {98--104},
  eprinttype = {pmid},
  eprint = {16590179}
}

@article{monod_nature_1965,
  title = {On the nature of allosteric transitions: a plausible model},
  volume = {12},
  timestamp = {2016-04-10T21:03:28Z},
  journal = {J. Mol. Biol.},
  author = {Monod, J. and Wyman, J. and Changeux, J. P.},
  date = {1965-05},
  pages = {88--118},
  keywords = {Chemistry; Physical,Enzymes,EXPERIMENTAL LAB STUDY,HEMOGLOBIN,Hemoglobins,Kinetics,Models; Theoretical,Physicochemical Phenomena,Proteins,Research,Ultracentrifugation},
  eprinttype = {pmid},
  eprint = {14343300}
}

@article{rubin_nature_1966,
  title = {On the nature of allosteric transitions: implications of non-exclusive ligand binding},
  volume = {21},
  timestamp = {2015-11-17T19:41:39Z},
  number = {2},
  journal = {J. Mol. Biol.},
  author = {Rubin, M. M. and Changeux, J. P.},
  date = {1966-11-14},
  pages = {265--274},
  keywords = {Chemistry; Physical,Models; Theoretical,Physicochemical Phenomena,Protein Binding,Proteins},
  eprinttype = {pmid},
  eprint = {5972463}
}

@article{yue_distance-constrained_1990,
  title = {Distance-constrained molecular docking by simulated annealing},
  volume = {4},
  timestamp = {2015-11-17T19:41:52Z},
  number = {2},
  journal = {Protein Eng.},
  author = {Yue, S. Y.},
  date = {1990-12},
  pages = {177--184},
  keywords = {Aspartic Acid Endopeptidases,Binding Sites,Enzymes,Hydrogen Bonding,Models; Molecular,Monte Carlo Method,Oligopeptides,Thermodynamics},
  eprinttype = {pmid},
  eprint = {2075193}
}

@article{zavodszky_side-chain_2005,
  title = {Side-chain flexibility in protein-ligand binding: {{The}} minimal rotation hypothesis},
  volume = {14},
  url = {http://www.ncbi.nlm.nih.gov/pmc/articles/PMC2253453/},
  timestamp = {2016-02-14T19:09:11Z},
  number = {4},
  journal = {Protein Sci},
  author = {Zavodszky, Maria I. and Kuhn, Leslie A.},
  urldate = {2015-11-17},
  date = {2005-04},
  pages = {1104--1114},
  eprinttype = {pmid},
  eprint = {15772311},
  pmcid = {PMC2253453}
}

@article{wright_linking_2009,
  title = {Linking folding and binding},
  volume = {19},
  url = {http://linkinghub.elsevier.com/retrieve/pii/S0959440X08001796},
  timestamp = {2015-11-17T19:44:46Z},
  langid = {english},
  number = {1},
  journal = {Current Opinion in Structural Biology},
  author = {Wright, Peter E and Dyson, H Jane},
  urldate = {2015-11-17},
  date = {2009-02},
  pages = {31--38}
}

@article{wlodawer_inhibitors_1998,
  title = {Inhibitors of {{HIV}}-1 protease: a major success of structure-assisted drug design},
  volume = {27},
  timestamp = {2015-11-17T19:48:15Z},
  journal = {Annu Rev Biophys Biomol Struct},
  author = {Wlodawer, A. and Vondrasek, J.},
  date = {1998},
  pages = {249--284},
  keywords = {Binding Sites,Biophysics,Drug Design,HIV Protease,HIV Protease Inhibitors,Humans,Indinavir,Models; Molecular,Nelfinavir,Nuclear Magnetic Resonance; Biomolecular,Protein Structure; Secondary,Quantum Theory},
  eprinttype = {pmid},
  eprint = {9646869}
}

@article{wilson_refined_1993,
  title = {Refined 1.8 {{A}} structure of human aldose reductase complexed with the potent inhibitor zopolrestat},
  volume = {90},
  timestamp = {2015-11-17T19:50:32Z},
  number = {21},
  journal = {Proc. Natl. Acad. Sci. U.S.A.},
  author = {Wilson, D. K. and Tarle, I. and Petrash, J. M. and Quiocho, F. A.},
  date = {1993-11-01},
  pages = {9847--9851},
  keywords = {Aldehyde Reductase,Amino Acid Sequence,Benzothiazoles,Binding Sites,Humans,Models; Molecular,Molecular Structure,NADP,Phthalazines,Protein Conformation,Protein Structure; Secondary,Recombinant Proteins,Thiazoles,X-Ray Diffraction},
  eprinttype = {pmid},
  eprint = {8234324},
  pmcid = {PMC47669}
}

@article{bystroff_crystal_1991,
  title = {Crystal structure of unliganded {{Escherichia}} coli dihydrofolate reductase. {{Ligand}}-induced conformational changes and cooperativity in binding},
  volume = {30},
  timestamp = {2015-11-17T19:51:02Z},
  number = {8},
  journal = {Biochemistry},
  author = {Bystroff, C. and Kraut, J.},
  date = {1991-02-26},
  pages = {2227--2239},
  keywords = {Amino Acid Sequence,Apoenzymes,Binding Sites,Escherichia coli,Ligands,Models; Molecular,Protein Conformation,Tetrahydrofolate Dehydrogenase,X-Ray Diffraction},
  eprinttype = {pmid},
  eprint = {1998681}
}

@article{erickson_lessons_2004,
  title = {Lessons in molecular recognition: the effects of ligand and protein flexibility on molecular docking accuracy},
  volume = {47},
  timestamp = {2015-11-17T19:52:31Z},
  number = {1},
  journal = {J. Med. Chem.},
  author = {Erickson, Jon A. and Jalaie, Mehran and Robertson, Daniel H. and Lewis, Richard A. and Vieth, Michal},
  date = {2004-01-01},
  pages = {45--55},
  keywords = {Algorithms,Crystallography; X-Ray,Databases; Factual,Ligands,Models; Molecular,Molecular Structure,Proteins,Structure-Activity Relationship},
  eprinttype = {pmid},
  eprint = {14695819}
}

@article{baxter_flexible_1998,
  title = {Flexible docking using {{Tabu}} search and an empirical estimate of binding affinity},
  volume = {33},
  timestamp = {2015-11-17T19:55:16Z},
  number = {3},
  journal = {Proteins},
  author = {Baxter, C. A. and Murray, C. W. and Clark, D. E. and Westhead, D. R. and Eldridge, M. D.},
  date = {1998-11-15},
  pages = {367--382},
  keywords = {Algorithms,Computer-Aided Design,Dipeptides,Drug Design,Ligands,Models; Molecular,Piperidines,Protein Conformation,Receptors; Drug,Thrombin},
  eprinttype = {pmid},
  eprint = {9829696}
}

@article{del_carpio-munoz_miax_2002,
  title = {{{MIAX}}: {{A}} new paradigm for modeling biomacromolecular interactions and complex formation in condensed phases},
  volume = {48},
  url = {http://onlinelibrary.wiley.com/doi/10.1002/prot.10122/abstract},
  timestamp = {2016-02-15T19:10:48Z},
  langid = {english},
  number = {4},
  journal = {Proteins},
  author = {Del Carpio-Mu{\~n}oz, Carlos Adriel and Ichiishi, Eiichiro and Yoshimori, Atsushi and Yoshikawa, Toshikazu},
  urldate = {2015-11-17},
  date = {2002-09-01},
  pages = {696--732},
  keywords = {docking,epitopes,filtering,modeling,protein complex,protein interaction,self-organizing map or Kohonenen networks,simulated annealing}
}

@article{fernandez-fueyo_structural_2014,
  title = {Structural implications of the {{C}}-terminal tail in the catalytic and stability properties of manganese peroxidases from ligninolytic fungi},
  volume = {70},
  timestamp = {2015-11-24T11:52:54Z},
  issue = {Pt 12},
  journal = {Acta Crystallogr. D Biol. Crystallogr.},
  author = {Fern{\'a}ndez-Fueyo, Elena and Acebes, Sandra and Ruiz-Due{\~n}as, Francisco J. and Mart{\'\i}nez, Mar{\'\i}a Jes{\'u}s and Romero, Antonio and Medrano, Francisco Javier and Guallar, Victor and Mart{\'\i}nez, Angel T.},
  date = {2014-12-01},
  pages = {3253--3265},
  keywords = {Benzothiazoles,Cations; Divalent,Ceriporiopsis subvermispora,Coriolaceae,Crystallography; X-Ray,C-terminal tail,Enzyme Stability,manganese peroxidase,Models; Molecular,Mutagenesis; Site-Directed,Oxidation-Reduction,Peroxidases,Protein Conformation,Protein Structure; Tertiary,Sulfonic Acids},
  eprinttype = {pmid},
  eprint = {25478843},
  pmcid = {PMC4257621}
}

@article{taylor_darwin_2000,
  title = {{{DARWIN}}: a program for docking flexible molecules},
  volume = {41},
  timestamp = {2015-11-17T19:57:15Z},
  number = {2},
  journal = {Proteins},
  author = {Taylor, J. S. and Burnett, R. M.},
  date = {2000-11-01},
  pages = {173--191},
  keywords = {Algorithms,Antibodies; Monoclonal,Concanavalin A,Crystallography; X-Ray,Immunoglobulin Fab Fragments,Models; Molecular,Protein Conformation,Proteins,Reproducibility of Results,Sensitivity and Specificity,Software},
  eprinttype = {pmid},
  eprint = {10966571}
}

@incollection{bohacek_growmol_1999,
  title = {Growmol, {{A De}} novo {{Computer Program}}, and its {{Application}} to {{Thermolysin}} and {{Pepsin}}: {{Results}} of the {{Design}} and {{Synthesis}} of a {{Novel Inhibitor}}},
  timestamp = {2016-04-10T21:07:21Z},
  langid = {english},
  number = {108},
  booktitle = {Rational {{Drug Design}}},
  series = {The IMA Volumes in Mathematics and its Applications},
  publisher = {{Springer New York}},
  author = {Bohacek, Regine and Mcmartin, Colin and Glunz, Peter and Rich, Daniel H.},
  editor = {Truhlar, Donald G. and Howe, W. Jeffrey and Hopfinger, Anthony J. and Blaney, Jeff and Dammkoehler, Richard A.},
  date = {1999},
  pages = {103--114},
  keywords = {Mathematical and Computational Biology,Numerical Analysis}
}

@article{hurst_flexible_1994,
  title = {Flexible {{3D}} searching: {{The}} directed tweak technique},
  volume = {34},
  url = {http://dx.doi.org/10.1021/ci00017a025},
  timestamp = {2015-11-17T20:05:17Z},
  number = {1},
  journal = {J. Chem. Inf. Comput. Sci.},
  author = {Hurst, Tad},
  urldate = {2015-11-17},
  date = {1994-01-01},
  pages = {190--196}
}

@article{nicklaus_conformational_1995,
  title = {Conformational changes of small molecules binding to proteins},
  volume = {3},
  timestamp = {2015-11-17T20:06:06Z},
  number = {4},
  journal = {Bioorg. Med. Chem.},
  author = {Nicklaus, M. C. and Wang, S. and Driscoll, J. S. and Milne, G. W.},
  date = {1995-04},
  pages = {411--428},
  keywords = {Crystallography,Ligands,Models; Molecular,Molecular Conformation,Protein Binding,Proteins},
  eprinttype = {pmid},
  eprint = {8581425}
}

@article{bottegoni_systematic_2011,
  title = {Systematic exploitation of multiple receptor conformations for virtual ligand screening},
  volume = {6},
  timestamp = {2015-11-17T20:10:05Z},
  number = {5},
  journal = {PLoS ONE},
  author = {Bottegoni, Giovanni and Rocchia, Walter and Rueda, Manuel and Abagyan, Ruben and Cavalli, Andrea},
  date = {2011},
  pages = {e18845},
  keywords = {Algorithms,Combinatorial Chemistry Techniques,Drug Design,Humans,Ligands,Protein Binding,Protein Conformation,Receptors; Cell Surface},
  eprinttype = {pmid},
  eprint = {21625529},
  pmcid = {PMC3098722}
}

@article{raval_refinement_2012,
  title = {Refinement of protein structure homology models via long, all-atom molecular dynamics simulations},
  volume = {80},
  url = {http://onlinelibrary.wiley.com/doi/10.1002/prot.24098/abstract},
  timestamp = {2015-11-17T20:17:09Z},
  langid = {english},
  number = {8},
  journal = {Proteins},
  author = {Raval, Alpan and Piana, Stefano and Eastwood, Michael P. and Dror, Ron O. and Shaw, David E.},
  urldate = {2015-11-17},
  date = {2012-08-01},
  pages = {2071--2079},
  keywords = {CHARMM22*,force fields,Protein Folding,protein structure prediction,sampling}
}

@article{babot_steroid_2015,
  title = {Steroid hydroxylation by basidiomycete peroxygenases: {{A}} combined experimental and computational study},
  url = {http://aem.asm.org/content/early/2015/04/08/AEM.00660-15},
  timestamp = {2015-11-24T11:57:49Z},
  langid = {english},
  journal = {Appl. Environ. Microbiol.},
  author = {Babot, Esteban D. and del R{\'\i}o, Jos{\'e} C. and Ca{\~n}ellas, Marina and Sancho, Ferran and Lucas, F{\'a}tima and Guallar, V{\'\i}ctor and Kalum, Lisbeth and Lund, Henrik and Gr{\"o}be, Glenn and Scheibner, Katrin and Ullrich, Ren{\'e} and Hofrichter, Martin and Mart{\'\i}nez, Angel T. and Guti{\'e}rrez, Ana},
  urldate = {2015-11-24},
  date = {2015-04-10},
  pages = {AEM.00660--15},
  eprinttype = {pmid},
  eprint = {25862224}
}

@article{hinsen_harmonicity_2000,
  title = {Harmonicity in slow protein dynamics},
  volume = {261},
  url = {http://www.sciencedirect.com/science/article/pii/S0301010400002226},
  timestamp = {2016-02-15T19:13:56Z},
  number = {1-2},
  journal = {Chemical Physics},
  author = {Hinsen, Konrad and Petrescu, Andrei-Jose and Dellerue, Serge and Bellissent-Funel, Marie-Claire and Kneller, Gerald R.},
  urldate = {2015-11-17},
  date = {2000-11-01},
  pages = {25--37},
  keywords = {Brownian dynamics,Inelastic neutron scattering,Molecular dynamics,Normal modes,Protein dynamics}
}

@article{gorfe_functional_2005,
  title = {Functional plasticity in the substrate binding site of beta-secretase},
  volume = {13},
  timestamp = {2015-11-17T20:29:54Z},
  number = {10},
  journal = {Structure},
  author = {Gorfe, Alemayehu A. and Caflisch, Amedeo},
  date = {2005-10},
  pages = {1487--1498},
  keywords = {Alzheimer Disease,Amino Acid Sequence,Amyloid beta-Protein Precursor,Amyloid Precursor Protein Secretases,Asparagine,Aspartic Acid Endopeptidases,Binding Sites,Catalysis,Computer Simulation,Crystallography; X-Ray,Endopeptidases,Enzyme Inhibitors,Humans,Hydrogen Bonding,Kinetics,Models; Molecular,Molecular Sequence Data,Oligopeptides,Protein Conformation,Protein Structure; Secondary,Protons,Serine,Substrate Specificity,Temperature,Tyrosine,Water},
  eprinttype = {pmid},
  eprint = {16216580}
}

@article{wong_molecular_2005,
  title = {Molecular docking of balanol to dynamics snapshots of protein kinase {{A}}},
  volume = {61},
  timestamp = {2015-11-17T20:30:03Z},
  number = {4},
  journal = {Proteins},
  author = {Wong, Chung F. and Kua, Jeremy and Zhang, Yingkai and Straatsma, T. P. and McCammon, J. Andrew},
  date = {2005-12-01},
  pages = {850--858},
  keywords = {Azepines,Computer Simulation,Cyclic AMP-Dependent Protein Kinases,Enzyme Inhibitors,Hydroxybenzoates,Kinetics,Ligands,Models; Molecular,Molecular Conformation,Protein Binding,Stress; Mechanical},
  eprinttype = {pmid},
  eprint = {16245317}
}

@article{shaw_anton_2008,
  title = {Anton, a special-purpose machine for molecular dynamics simulation},
  volume = {51},
  url = {http://portal.acm.org/citation.cfm?doid=1364782.1364802},
  timestamp = {2015-11-17T20:30:48Z},
  langid = {english},
  number = {7},
  journal = {Communications of the ACM},
  author = {Shaw, David E. and Chao, Jack C. and Eastwood, Michael P. and Gagliardo, Joseph and Grossman, J. P. and Ho, C. Richard and Lerardi, Douglas J. and Kolossv{\'a}ry, Istv{\'a}n and Klepeis, John L. and Layman, Timothy and McLeavey, Christine and Deneroff, Martin M. and Moraes, Mark A. and Mueller, Rolf and Priest, Edward C. and Shan, Yibing and Spengler, Jochen and Theobald, Michael and Towles, Brian and Wang, Stanley C. and Dror, Ron O. and Kuskin, Jeffrey S. and Larson, Richard H. and Salmon, John K. and Young, Cliff and Batson, Brannon and Bowers, Kevin J.},
  urldate = {2015-11-17},
  date = {2008-07-01},
  pages = {91}
}

@article{fine_fastrun_1991,
  title = {{{FASTRUN}}: a special purpose, hardwired computer for molecular simulation},
  volume = {11},
  timestamp = {2015-11-17T20:31:43Z},
  number = {4},
  journal = {Proteins},
  author = {Fine, R. and Dimmler, G. and Levinthal, C.},
  date = {1991},
  pages = {242--253},
  keywords = {Computers,Computer Simulation,Molecular Structure},
  eprinttype = {pmid},
  eprint = {1758880}
}

@article{shinjiro_toyoda_development_1999,
  title = {Development of {{MD Engine}}: {{High}}-speed accelerator with parallel processor design for molecular dynamics simulations},
  volume = {20},
  timestamp = {2015-11-17T20:32:05Z},
  number = {2},
  journal = {Journal of Computational Chemistry},
  author = {Shinjiro Toyoda, Hiroh Miyagawa},
  date = {1999},
  pages = {185--199}
}

@inproceedings{taiji_protein_2003,
  title = {Protein {{Explorer}}: {{A Petaflops Special-Purpose Computer System}} for {{Molecular Dynamics Simulations}}},
  eventtitle = {Supercomputing, 2003 ACM/IEEE Conference},
  timestamp = {2015-11-17T20:33:15Z},
  booktitle = {Supercomputing, 2003 {{ACM}}/{{IEEE Conference}}},
  author = {Taiji, Makoto and Narumi, T. and Ohno, Yousuke and Futatsugi, N. and Suenaga, A. and Takada, N. and Konagaya, A.},
  date = {2003-11},
  pages = {15--15},
  keywords = {Application software,Bioinformatics,Computational modeling,Computer architecture,Computer Simulation,Engines,Hardware,History,Pipelines,Proteins}
}

@article{tirion_large_1996,
  title = {Large {{Amplitude Elastic Motions}} in {{Proteins}} from a {{Single-Parameter}}, {{Atomic Analysis}}},
  volume = {77},
  url = {http://link.aps.org/doi/10.1103/PhysRevLett.77.1905},
  timestamp = {2015-11-17T20:33:38Z},
  number = {9},
  journal = {Phys. Rev. Lett.},
  author = {Tirion, Monique M.},
  urldate = {2015-11-17},
  date = {1996-08-26},
  pages = {1905--1908}
}

@article{bahar_direct_1997,
  title = {Direct evaluation of thermal fluctuations in proteins using a single-parameter harmonic potential},
  volume = {2},
  timestamp = {2015-11-17T20:34:03Z},
  number = {3},
  journal = {Fold Des},
  author = {Bahar, I. and Atilgan, A. R. and Erman, B.},
  date = {1997},
  pages = {173--181},
  keywords = {Crystallography; X-Ray,Models; Chemical,Molecular Structure,Protein Conformation,Protein Folding,Proteins,Thermodynamics},
  eprinttype = {pmid},
  eprint = {9218955}
}

@article{hinsen_analysis_1998,
  title = {Analysis of domain motions by approximate normal mode calculations},
  volume = {33},
  timestamp = {2015-11-17T20:34:21Z},
  number = {3},
  journal = {Proteins},
  author = {Hinsen, K.},
  date = {1998-11-15},
  pages = {417--429},
  keywords = {Mathematical Computing,Models; Molecular,Muramidase,Plant Proteins,Proteins},
  eprinttype = {pmid},
  eprint = {9829700}
}

@incollection{sen_optimizing_2005,
  title = {Optimizing the {{Parameters}} of the {{Gaussian Network Model}} for {{ATP-Binding Proteins}}},
  volumes = {0},
  timestamp = {2016-04-10T21:08:09Z},
  booktitle = {Normal {{Mode Analysis}}},
  series = {Chapman \& Hall/CRC Mathematical \& Computational Biology},
  publisher = {{Chapman and Hall/CRC}},
  author = {Sen, Taner Z and Jernigan, Robert L},
  date = {2005-12-12},
  pages = {171--186}
}

@article{atilgan_anisotropy_2001,
  title = {Anisotropy of fluctuation dynamics of proteins with an elastic network model},
  volume = {80},
  timestamp = {2015-11-17T21:45:37Z},
  number = {1},
  journal = {Biophys. J.},
  author = {Atilgan, A. R. and Durell, S. R. and Jernigan, R. L. and Demirel, M. C. and Keskin, O. and Bahar, I.},
  date = {2001-01},
  pages = {505--515},
  keywords = {Anisotropy,Binding Sites,Biophysical Phenomena,Biophysics,Crystallography; X-Ray,Elasticity,Models; Molecular,Protein Binding,Protein Conformation,Proteins,Retinol-Binding Proteins,Thermodynamics},
  eprinttype = {pmid},
  eprint = {11159421},
  pmcid = {PMC1301252}
}

@article{rueda_thorough_2007,
  title = {Thorough {{Validation}} of {{Protein Normal Mode Analysis}}: {{A Comparative Study}} with {{Essential Dynamics}}},
  volume = {15},
  url = {http://www.sciencedirect.com/science/article/pii/S0969212607001414},
  timestamp = {2015-11-17T21:46:35Z},
  number = {5},
  journal = {Structure},
  author = {Rueda, Manuel and Chac{\'o}n, Pablo and Orozco, Modesto},
  urldate = {2015-11-17},
  date = {2007-05-16},
  pages = {565--575}
}

@article{ahmed_large-scale_2010,
  title = {Large-scale comparison of protein essential dynamics from molecular dynamics simulations and coarse-grained normal mode analyses},
  volume = {78},
  url = {http://onlinelibrary.wiley.com/doi/10.1002/prot.22841/abstract},
  timestamp = {2015-11-17T21:47:08Z},
  langid = {english},
  number = {16},
  journal = {Proteins},
  author = {Ahmed, Aqeel and Villinger, Saskia and Gohlke, Holger},
  urldate = {2015-11-17},
  date = {2010-12-01},
  pages = {3341--3352},
  keywords = {conformational change,ENM,evolution,intrinsic motion,RCNMA}
}

@article{delarue_simplified_2002,
  title = {Simplified normal mode analysis of conformational transitions in {{DNA}}-dependent polymerases: the elastic network model},
  volume = {320},
  timestamp = {2015-11-17T21:47:47Z},
  number = {5},
  journal = {J. Mol. Biol.},
  author = {Delarue, M. and Sanejouand, Y.-H.},
  date = {2002-07-26},
  pages = {1011--1024},
  keywords = {Computer Simulation,DNA-Directed DNA Polymerase,DNA-Directed RNA Polymerases,Mathematical Computing,Models; Molecular,Neural Networks (Computer),Protein Conformation},
  eprinttype = {pmid},
  eprint = {12126621}
}

@article{thomas_tertiary_1999,
  title = {Tertiary and quaternary conformational changes in aspartate transcarbamylase: a normal mode study},
  volume = {34},
  timestamp = {2015-11-17T21:48:05Z},
  number = {1},
  journal = {Proteins},
  author = {Thomas, A. and Hinsen, K. and Field, M. J. and Perahia, D.},
  date = {1999-01-01},
  pages = {96--112},
  keywords = {Allosteric Site,Aspartate Carbamoyltransferase,Carbamyl Phosphate,Models; Molecular,Models; Statistical,Protein Conformation,Protein Structure; Secondary,Protein Structure; Tertiary,Zinc},
  eprinttype = {pmid},
  eprint = {10336386}
}

@article{andrec_complete_2002-1,
  title = {Complete protein structure determination using backbone residual dipolar couplings and sidechain rotamer prediction},
  volume = {2},
  url = {http://link.springer.com/article/10.1023/A%3A1020435630054},
  timestamp = {2015-11-17T21:48:51Z},
  langid = {english},
  number = {2},
  journal = {J Struct Func Genom},
  author = {Andrec, Michael and Harano, Yuichi and Jacobson, Matthew P. and Friesner, Richard A. and Levy, Ronald M.},
  urldate = {2015-11-17},
  date = {2002-06},
  pages = {103--111},
  keywords = {Analytical Chemistry,Biochemistry; general,Human Genetics,Pharmacy}
}

@article{borrelli_pele_2005-2,
  title = {{{PELE}}: {{Protein Energy Landscape Exploration}}. {{A Novel Monte Carlo Based Technique}}},
  volume = {1},
  url = {http://dx.doi.org/10.1021/ct0501811},
  timestamp = {2016-02-14T19:04:53Z},
  number = {6},
  journal = {J. Chem. Theory Comput.},
  author = {Borrelli, Kenneth W. and Vitalis, Andreas and Alcantara, Raul and Guallar, Victor},
  urldate = {2015-11-17},
  date = {2005-11-01},
  pages = {1304--1311}
}

@misc{barcelona_supercomputing_center_minotauro_2015,
  title = {{{MinoTauro User}}'s guide},
  timestamp = {2016-02-10T21:29:50Z},
  publisher = {{Barcelona Supercomputing Center}},
  author = {{Barcelona Supercomputing Center}},
  date = {2015-08-05}
}

@article{madadkar-sobhani_pele_2013-1,
  title = {{{PELE}} web server: atomistic study of biomolecular systems at your fingertips},
  volume = {41},
  url = {http://nar.oxfordjournals.org/lookup/doi/10.1093/nar/gkt454},
  timestamp = {2015-11-17T21:51:10Z},
  langid = {english},
  issue = {W1},
  journal = {Nucleic Acids Research},
  author = {Madadkar-Sobhani, A. and Guallar, V.},
  urldate = {2015-11-17},
  date = {2013-07-01},
  pages = {W322--W328}
}

@article{jacobson_force_2002,
  title = {Force {{Field Validation Using Protein Side Chain Prediction}}},
  volume = {106},
  url = {http://dx.doi.org/10.1021/jp021564n},
  timestamp = {2015-11-17T21:51:41Z},
  number = {44},
  journal = {J. Phys. Chem. B},
  author = {Jacobson, Matthew P. and Kaminski, George A. and Friesner, Richard A. and Rapp, Chaya S.},
  urldate = {2015-11-17},
  date = {2002-11-01},
  pages = {11673--11680}
}

@article{cossins_exploration_2012,
  title = {Exploration of {{Protein Conformational Change}} with {{PELE}} and {{Meta-Dynamics}}},
  volume = {8},
  url = {http://dx.doi.org/10.1021/ct200675g},
  timestamp = {2015-11-17T21:52:22Z},
  number = {3},
  journal = {J. Chem. Theory Comput.},
  author = {Cossins, Benjamin P. and Hosseini, Ali and Guallar, Victor},
  urldate = {2015-11-17},
  date = {2012-03-13},
  pages = {959--965}
}

@article{hosseini_molecular_2013,
  title = {Molecular {{Interactions}} of {{Prodiginines}} with the {{BH3 Domain}} of {{Anti-Apoptotic Bcl}}-2 {{Family Members}}},
  volume = {8},
  url = {http://dx.doi.org/10.1371/journal.pone.0057562},
  timestamp = {2015-11-17T22:25:24Z},
  number = {2},
  journal = {PLoS ONE},
  author = {Hosseini, Ali and Espona-Fiedler, Margarita and Soto-Cerrato, Vanessa and Quesada, Roberto and P{\'e}rez-Tom{\'a}s, Ricardo and Guallar, Victor},
  urldate = {2015-11-17},
  date = {2013-02-27},
  pages = {e57562}
}

@article{linde_catalytic_2015,
  title = {Catalytic surface radical in dye-decolorizing peroxidase: a computational, spectroscopic and site-directed mutagenesis study},
  volume = {466},
  timestamp = {2015-11-17T22:25:59Z},
  number = {2},
  journal = {Biochem. J.},
  author = {Linde, Dolores and Pogni, Rebecca and Ca{\~n}ellas, Marina and Lucas, F{\'a}tima and Guallar, Victor and Baratto, Maria Camilla and Sinicropi, Adalgisa and S{\'a}ez-Jim{\'e}nez, Ver{\'o}nica and Coscol{\'\i}n, Cristina and Romero, Antonio and Medrano, Francisco Javier and Ruiz-Due{\~n}as, Francisco J. and Mart{\'\i}nez, Angel T.},
  date = {2015-03-01},
  pages = {253--262},
  keywords = {Amino Acid Substitution,Basidiomycota,Binding Sites,Biocatalysis,Coloring Agents,Free Radicals,Fungal Proteins,Hemeproteins,Models; Molecular,Molecular Docking Simulation,Molecular Dynamics Simulation,Mutagenesis; Site-Directed,Mutant Proteins,Oxidation-Reduction,Peroxidases,Protein Conformation,Recombinant Proteins,Surface Properties,Tryptophan,Tyrosine},
  eprinttype = {pmid},
  eprint = {25495127},
  pmcid = {PMC4357238}
}

@article{hosseini_atomic_2014,
  title = {Atomic picture of ligand migration in toluene 4-monooxygenase},
  volume = {119},
  url = {http://pubs.acs.org/doi/abs/10.1021/jp502509a},
  timestamp = {2015-11-17T22:27:08Z},
  number = {3},
  journal = {The Journal of Physical Chemistry B},
  author = {Hosseini, Ali and Brouk, Moran and Lucas, Maria Fatima and Glaser, Fabian and Fishman, Ayelet and Guallar, Victor},
  urldate = {2015-11-17},
  date = {2014},
  pages = {671--678}
}

@article{takahashi_monte_2014-1,
  title = {Monte {{Carlo Free Ligand Diffusion}} with {{Markov State Model Analysis}} and {{Absolute Binding Free Energy Calculations}}},
  volume = {10},
  url = {http://dx.doi.org/10.1021/ct400678g},
  timestamp = {2015-11-17T22:28:36Z},
  number = {1},
  journal = {J. Chem. Theory Comput.},
  author = {Takahashi, Ryoji and Gil, V{\'\i}ctor A. and Guallar, Victor},
  urldate = {2015-11-17},
  date = {2014-01-14},
  pages = {282--288}
}

@misc{barcelona_supercomputing_center_marenostrum_2015,
  title = {{{MareNostrum III User}}'s {{Guide}}},
  timestamp = {2016-02-10T21:29:55Z},
  langid = {english},
  publisher = {{Barcelona Supercomputing Center}},
  author = {{Barcelona Supercomputing Center}},
  date = {2015-08-05}
}

@article{eyal_anisotropic_2006,
  title = {Anisotropic network model: systematic evaluation and a new web interface},
  volume = {22},
  timestamp = {2015-11-17T22:29:23Z},
  number = {21},
  journal = {Bioinformatics},
  author = {Eyal, Eran and Yang, Lee-Wei and Bahar, Ivet},
  date = {2006-11-01},
  pages = {2619--2627},
  keywords = {Algorithms,Anisotropy,Computer Simulation,Internet,Models; Chemical,Models; Molecular,Proteins,Sequence Analysis; Protein,Software,Software Validation,User-Computer Interface},
  eprinttype = {pmid},
  eprint = {16928735}
}

@article{jorgensen_opls_1988,
  title = {The {{OPLS}} [optimized potentials for liquid simulations] potential functions for proteins, energy minimizations for crystals of cyclic peptides and crambin},
  volume = {110},
  url = {http://dx.doi.org/10.1021/ja00214a001},
  timestamp = {2015-11-17T22:32:02Z},
  number = {6},
  journal = {J. Am. Chem. Soc.},
  author = {Jorgensen, William L. and Tirado-Rives, Julian.},
  urldate = {2015-11-17},
  date = {1988-03-01},
  pages = {1657--1666}
}

@article{ponder_force_2003,
  title = {Force fields for protein simulations},
  volume = {66},
  timestamp = {2016-01-30T19:05:55Z},
  journal = {Adv. Protein Chem.},
  author = {Ponder, Jay W. and Case, David A.},
  date = {2003},
  pages = {27--85},
  keywords = {Computer Simulation,Databases; Protein,Models; Chemical,Models; Molecular,Models; Statistical,Peptides,Poisson Distribution,Protein Conformation,Protein Folding,Proteins,Static Electricity,Thermodynamics,Water},
  eprinttype = {pmid},
  eprint = {14631816}
}

@article{jorgensen_development_1996-1,
  title = {Development and {{Testing}} of the {{OPLS All-Atom Force Field}} on {{Conformational Energetics}} and {{Properties}} of {{Organic Liquids}}},
  volume = {118},
  url = {http://dx.doi.org/10.1021/ja9621760},
  timestamp = {2015-11-17T22:32:33Z},
  number = {45},
  journal = {J. Am. Chem. Soc.},
  author = {Jorgensen, William L. and Maxwell, David S. and Tirado-Rives, Julian},
  urldate = {2015-11-17},
  date = {1996-01-01},
  pages = {11225--11236}
}

@article{ghosh_generalized_1998,
  title = {Generalized {{Born Model Based}} on a {{Surface Integral Formulation}}},
  volume = {102},
  url = {http://dx.doi.org/10.1021/jp982533o},
  timestamp = {2015-11-17T22:32:59Z},
  number = {52},
  journal = {J. Phys. Chem. B},
  author = {Ghosh, Avijit and Rapp, Chaya Sendrovic and Friesner, Richard A.},
  urldate = {2015-11-17},
  date = {1998-12-01},
  pages = {10983--10990}
}

@misc{efpia_pharmaceutical_2014,
  title = {The {{Pharmaceutical Industry}} in {{Figures}}},
  timestamp = {2016-01-30T20:45:44Z},
  publisher = {{European Federation of Pharmaceutical Industries and Associations}},
  author = {{efpia},},
  date = {2014}
}

@article{zhu_improved_2007,
  title = {Improved {{Methods}} for {{Side Chain}} and {{Loop Predictions}} via the {{Protein Local Optimization Program}}: {{Variable Dielectric Model}} for {{Implicitly Improving}} the {{Treatment}} of {{Polarization Effects}}},
  volume = {3},
  url = {http://dx.doi.org/10.1021/ct700166f},
  timestamp = {2016-02-15T19:17:59Z},
  number = {6},
  journal = {J. Chem. Theory Comput.},
  author = {Zhu, Kai and Shirts, Michael R. and Friesner, Richard A.},
  urldate = {2015-11-17},
  date = {2007-11-01},
  pages = {2108--2119}
}

@article{leo-macias_analysis_2005,
  title = {An {{Analysis}} of {{Core Deformations}} in {{Protein Superfamilies}}},
  volume = {88},
  url = {http://www.ncbi.nlm.nih.gov/pmc/articles/PMC1305131/},
  timestamp = {2016-01-31T12:08:42Z},
  number = {2},
  journal = {Biophys J},
  author = {Leo-Macias, Alejandra and Lopez-Romero, Pedro and Lupyan, Dmitry and Zerbino, Daniel and Ortiz, Angel R.},
  urldate = {2016-01-31},
  date = {2005-02},
  pages = {1291--1299},
  eprinttype = {pmid},
  eprint = {15542556},
  pmcid = {PMC1305131}
}

@book{goldstein_classical_1950,
  title = {Classical mechanics},
  timestamp = {2016-04-10T21:07:39Z},
  publisher = {{Addison-Wesley Pub. Co.}},
  author = {Goldstein, Herbert},
  date = {1950},
  keywords = {book}
}

@article{kitao_effects_1991,
  title = {The effects of solvent on the conformation and the collective motions of protein: normal mode analysis and molecular dynamics simulations of melittin in water and in vacuum},
  volume = {158},
  url = {http://www.sciencedirect.com/science/article/pii/0301010491870827},
  timestamp = {2015-11-17T22:38:45Z},
  number = {2},
  journal = {Chemical physics},
  author = {Kitao, Akio and Hirata, Fumio and G\={o}, Nobuhiro},
  urldate = {2015-11-17},
  date = {1991},
  pages = {447--472}
}

@article{romanov_surface_2004,
  title = {Surface {{Generalized Born Method}}: {{A Simple}}, {{Fast}}, and {{Precise Implicit Solvent Model}} beyond the {{Coulomb Approximation}}},
  volume = {108},
  url = {http://dx.doi.org/10.1021/jp046721s},
  timestamp = {2016-02-15T19:17:12Z},
  number = {43},
  journal = {J. Phys. Chem. A},
  author = {Romanov, Alexey N. and Jabin, Sergey N. and Martynov, Yaroslav B. and Sulimov, Alexey V. and Grigoriev, Fedor V. and Sulimov, Vladimir B.},
  urldate = {2015-11-17},
  date = {2004-10-01},
  pages = {9323--9327}
}

@article{hayward_harmonic_1994,
  title = {Harmonic and anharmonic aspects in the dynamics of {{BPTI}}: {{A}} normal mode analysis and principal component analysis},
  volume = {3},
  url = {http://onlinelibrary.wiley.com/doi/10.1002/pro.5560030608/abstract},
  timestamp = {2015-11-17T22:40:23Z},
  langid = {english},
  number = {6},
  journal = {Protein Science},
  author = {Hayward, Steven and Kitao, Akio and G\={o}, Nobuhiro},
  urldate = {2015-11-17},
  date = {1994-06-01},
  pages = {936--943},
  keywords = {anharmonicity,collective motions,Molecular dynamics,normal mode analysis}
}

@article{bakken_efficient_2002-1,
  title = {The efficient optimization of molecular geometries using redundant internal coordinates},
  volume = {117},
  url = {http://scitation.aip.org/content/aip/journal/jcp/117/20/10.1063/1.1515483},
  timestamp = {2015-11-17T22:41:05Z},
  number = {20},
  journal = {The Journal of Chemical Physics},
  author = {Bakken, Vebj\o{}rn and Helgaker, Trygve},
  urldate = {2015-11-17},
  date = {2002-11-22},
  pages = {9160--9174},
  keywords = {Ab initio calculations,Finite difference methods}
}

@article{yildirim_benchmarking_2011,
  title = {Benchmarking {{AMBER Force Fields}} for {{RNA}}: {{Comparisons}} to {{NMR Spectra}} for {{Single-Stranded}} r({{GACC}}) {{Are Improved}} by {{Revised}} $\chi$ {{Torsions}}},
  volume = {115},
  url = {http://www.ncbi.nlm.nih.gov/pmc/articles/PMC3140773/},
  timestamp = {2016-02-15T19:18:45Z},
  number = {29},
  journal = {J Phys Chem B},
  author = {Yildirim, Ilyas and Stern, Harry A. and Tubbs, Jason D. and Kennedy, Scott D. and Turner, Douglas H.},
  urldate = {2015-11-17},
  date = {2011-07-28},
  pages = {9261--9270},
  eprinttype = {pmid},
  eprint = {21721539},
  pmcid = {PMC3140773}
}

@article{meireles_pre-existing_2011,
  title = {Pre-existing soft modes of motion uniquely defined by native contact topology facilitate ligand binding to proteins},
  volume = {20},
  url = {http://www.ncbi.nlm.nih.gov/pmc/articles/PMC3218357/},
  timestamp = {2015-11-17T22:43:07Z},
  number = {10},
  journal = {Protein Sci},
  author = {Meireles, Lidio and Gur, Mert and Bakan, Ahmet and Bahar, Ivet},
  urldate = {2015-11-17},
  date = {2011-10},
  pages = {1645--1658},
  eprinttype = {pmid},
  eprint = {21826755},
  pmcid = {PMC3218357}
}

@article{tama_building-block_2000,
  title = {Building-block approach for determining low-frequency normal modes of macromolecules},
  volume = {41},
  timestamp = {2015-11-17T22:43:24Z},
  number = {1},
  journal = {Proteins},
  author = {Tama, F. and Gadea, F. X. and Marques, O. and Sanejouand, Y. H.},
  date = {2000-10-01},
  pages = {1--7},
  keywords = {Algorithms,Protein Conformation,Proteins},
  eprinttype = {pmid},
  eprint = {10944387}
}

@article{li_coarse-grained_2002,
  title = {A coarse-grained normal mode approach for macromolecules: an efficient implementation and application to {{Ca}}(2+)-{{ATPase}}},
  volume = {83},
  timestamp = {2015-11-17T22:43:43Z},
  number = {5},
  journal = {Biophys. J.},
  author = {Li, Guohui and Cui, Qiang},
  date = {2002-11},
  pages = {2457--2474},
  keywords = {Algorithms,Binding Sites,Biophysical Phenomena,Biophysics,Calcium,Calcium-Transporting ATPases,Calmodulin,Cytoplasm,Entropy,Hydrolysis,Models; Statistical,Monte Carlo Method,Phosphorylation,Protein Binding,Protein Conformation,Protein Structure; Secondary,Protein Structure; Tertiary,Temperature,Time Factors},
  eprinttype = {pmid},
  eprint = {12414680},
  pmcid = {PMC1302332}
}

@article{metropolis_equation_1953,
  title = {Equation of {{State Calculations}} by {{Fast Computing Machines}}},
  volume = {21},
  url = {http://scitation.aip.org/content/aip/journal/jcp/21/6/10.1063/1.1699114},
  timestamp = {2015-11-17T22:44:09Z},
  number = {6},
  journal = {The Journal of Chemical Physics},
  author = {Metropolis, Nicholas and Rosenbluth, Arianna W. and Rosenbluth, Marshall N. and Teller, Augusta H. and Teller, Edward},
  urldate = {2015-11-17},
  date = {1953-06-01},
  pages = {1087--1092},
  keywords = {Atomic and molecular interactions,Equations of state,Monte Carlo methods}
}

@inproceedings{graham_gprof_1982,
  location = {{New York, NY, USA}},
  title = {Gprof: {{A Call Graph Execution Profiler}}},
  url = {http://doi.acm.org/10.1145/800230.806987},
  timestamp = {2015-11-17T22:55:01Z},
  booktitle = {Proceedings of the 1982 {{SIGPLAN Symposium}} on {{Compiler Construction}}},
  series = {SIGPLAN '82},
  publisher = {{ACM}},
  author = {Graham, Susan L. and Kessler, Peter B. and Mckusick, Marshall K.},
  urldate = {2015-11-17},
  date = {1982},
  pages = {120--126}
}

@article{myung_accelerating_2010,
  title = {Accelerating {{Molecular Dynamics Simulation Using Graphics Processing Unit}}},
  volume = {31},
  url = {http://koreascience.or.kr/journal/view.jsp?kj=JCGMCS&py=2010&vnc=v31n12&sp=3639},
  timestamp = {2015-11-17T22:55:39Z},
  langid = {english},
  number = {12},
  journal = {Bulletin of the Korean Chemical Society},
  author = {Myung, Hun-Joo and Sakamaki, Ryuji and Oh, Kwang-Jin and Narumi, Tetsu and Yasuoka, Kenji and Lee, Sik},
  urldate = {2015-11-17},
  date = {2010-12-20},
  pages = {3639--3643}
}

@article{oro_gay_parallelitzacio_2012,
  title = {Paral\ensuremath{\cdot}lelitzaci{\'o} del software de simulaci{\'o} {{PELE}}++ utilitzant {{GPUs}}},
  url = {http://upcommons.upc.edu/handle/2099.1/15498},
  timestamp = {2015-11-18T01:19:32Z},
  author = {Or{\'o} Gay, Xavier and {Rosa M Badia} and {Victor A Gil}},
  urldate = {2015-11-17},
  date = {2012-06-22}
}

@inproceedings{walters_accelerating_????,
  title = {Accelerating {{Molecular Dynamics Simulations}} with {{GPUs}}.},
  timestamp = {2015-11-17T23:04:00Z},
  author = {Walters, John Paul and Balu, Vidyananth and Chaudhary, Vipin and Kofke, David and Schultz, Andrew}
}

@inproceedings{jin_cuda_2011,
  title = {A {{CUDA}} based solute interaction calculation of biomolecular simulation for {{GROMOS}}},
  volume = {2},
  eventtitle = {2011 International Conference on Computer Science and Network Technology (ICCSNT)},
  timestamp = {2015-11-17T23:04:21Z},
  booktitle = {2011 {{International Conference}} on {{Computer Science}} and {{Network Technology}} ({{ICCSNT}})},
  author = {Jin, Xiaoli and Zhao, Lei and Yang, Jiwen},
  date = {2011-12},
  pages = {820--824},
  keywords = {Acceleration,Algorithm design and analysis,atomic level,biochemical processes,biology computing,biomolecular simulation,Central Processing Unit,computational tool,Computer architecture,computing platform,CPU core,CUDA,CUDA based solute interaction calculation,GPU,Graphics processing unit,graphics processing units,GROMOS software,high performance computing community,large system simulation,Molecular dynamics,nonbonded,NVIDIA Tesla C1060,parallel architectures,parallel computation,Performance evaluation,Random access memory,solute-solute interaction calculation,solute-solvent interaction calculation}
}

@article{schmid_gpu_2010,
  title = {A {{GPU}} solvent-solvent interaction calculation accelerator for biomolecular simulations using the {{GROMOS}} software},
  volume = {31},
  timestamp = {2015-11-17T23:05:08Z},
  number = {8},
  journal = {J Comput Chem},
  author = {Schmid, Nathan and B{\"o}tschi, Mathias and van Gunsteren, Wilfred F.},
  date = {2010-06},
  pages = {1636--1643},
  keywords = {Computer Simulation,Molecular Dynamics Simulation,Software,Solvents},
  options = {useprefix=true},
  eprinttype = {pmid},
  eprint = {20127715}
}

@article{larsson_algorithm_2011,
  title = {Algorithm improvements for molecular dynamics simulations},
  volume = {1},
  url = {http://onlinelibrary.wiley.com/doi/10.1002/wcms.3/abstract},
  timestamp = {2016-01-31T12:18:22Z},
  langid = {english},
  number = {1},
  journal = {WIREs Comput Mol Sci},
  author = {Larsson, Per and Hess, Berk and Lindahl, Erik},
  urldate = {2016-01-31},
  date = {2011-01-01},
  pages = {93--108}
}

@article{pall_flexible_2013,
  title = {A flexible algorithm for calculating pair interactions on {{SIMD}} architectures},
  volume = {184},
  url = {http://arxiv.org/abs/1306.1737},
  timestamp = {2015-11-17T23:06:22Z},
  number = {12},
  journal = {Computer Physics Communications},
  author = {P{\'a}ll, Szil{\'a}rd and Hess, Berk},
  urldate = {2015-11-17},
  date = {2013-12},
  pages = {2641--2650},
  keywords = {Physics - Computational Physics},
  eprinttype = {arxiv},
  eprint = {1306.1737}
}

@article{lee_atomistic_2015,
  title = {The {{Atomistic Mechanism}} of {{Conformational Transition}} of {{Adenylate Kinase Investigated}} by {{Lorentzian Structure-Based Potential}}},
  volume = {11},
  url = {http://dx.doi.org/10.1021/acs.jctc.5b00268},
  timestamp = {2015-11-17T23:08:00Z},
  number = {7},
  journal = {J. Chem. Theory Comput.},
  author = {Lee, Juyong and Joo, Keehyoung and Brooks, Bernard R. and Lee, Jooyoung},
  urldate = {2015-11-17},
  date = {2015-07-14},
  pages = {3211--3224}
}

@article{pande_everything_2010,
  title = {Everything you wanted to know about {{Markov State Models}} but were afraid to ask},
  volume = {52},
  url = {http://www.ncbi.nlm.nih.gov/pmc/articles/PMC2933958/},
  timestamp = {2016-01-31T12:50:11Z},
  number = {1},
  journal = {Methods},
  author = {Pande, Vijay S. and Beauchamp, Kyle and Bowman, Gregory R.},
  urldate = {2016-01-31},
  date = {2010-09},
  pages = {99--105},
  eprinttype = {pmid},
  eprint = {20570730},
  pmcid = {PMC2933958}
}

@article{cino_comparison_2012,
  title = {Comparison of {{Secondary Structure Formation Using}} 10 {{Different Force Fields}} in {{Microsecond Molecular Dynamics Simulations}}},
  volume = {8},
  url = {http://dx.doi.org/10.1021/ct300323g},
  timestamp = {2015-11-17T23:09:02Z},
  number = {8},
  journal = {J. Chem. Theory Comput.},
  author = {Cino, Elio A. and Choy, Wing-Yiu and Karttunen, Mikko},
  urldate = {2015-11-17},
  date = {2012-08-14},
  pages = {2725--2740}
}

@article{lange_scrutinizing_2010,
  title = {Scrutinizing {{Molecular Mechanics Force Fields}} on the {{Submicrosecond Timescale}} with {{NMR Data}}},
  volume = {99},
  url = {http://www.ncbi.nlm.nih.gov/pmc/articles/PMC2905107/},
  timestamp = {2015-11-17T23:14:24Z},
  number = {2},
  journal = {Biophys J},
  author = {Lange, Oliver F. and van der Spoel, David and de Groot, Bert L.},
  urldate = {2015-11-17},
  date = {2010-07-21},
  pages = {647--655},
  options = {useprefix=true},
  eprinttype = {pmid},
  eprint = {20643085},
  pmcid = {PMC2905107}
}

@inproceedings{lin_evaluating_2011,
  location = {{New York, NY, USA}},
  title = {Evaluating the {{Quality}} of {{Conformation Sampling Methods Using Experimental Residual Dipolar Coupling Data}}},
  timestamp = {2016-04-10T21:06:15Z},
  booktitle = {Proceedings of the {{2Nd ACM Conference}} on {{Bioinformatics}}, {{Computational Biology}} and {{Biomedicine}}},
  series = {BCB '11},
  publisher = {{ACM}},
  author = {Lin, Tu-Liang and Vammi, Santhosh Kumar and Song, Guang},
  date = {2011},
  pages = {514--518},
  keywords = {conformation sampling,dynamics,populations,RDC,structure ensemble,ubiquitin}
}

@article{karplus_molecular_2002,
  title = {Molecular dynamics simulations of biomolecules},
  volume = {9},
  url = {http://www.nature.com/nsmb/journal/v9/n9/abs/nsb0902-646.html},
  timestamp = {2015-11-17T23:16:37Z},
  langid = {english},
  number = {9},
  journal = {Nat Struct Mol Biol},
  author = {Karplus, Martin and McCammon, J. Andrew},
  urldate = {2015-11-17},
  date = {2002-09},
  pages = {646--652}
}

@article{dodson_molecular_2008,
  title = {Molecular simulations of protein dynamics: new windows on mechanisms in biology},
  volume = {9},
  url = {http://www.ncbi.nlm.nih.gov/pmc/articles/PMC2246404/},
  timestamp = {2015-11-17T23:17:11Z},
  number = {2},
  journal = {EMBO Rep},
  author = {Dodson, Guy G and Lane, David P and Verma, Chandra S},
  urldate = {2015-11-17},
  date = {2008-02},
  pages = {144--150},
  eprinttype = {pmid},
  eprint = {18246106},
  pmcid = {PMC2246404}
}

@article{dror_biomolecular_2012,
  title = {Biomolecular {{Simulation}}: {{A Computational Microscope}} for {{Molecular Biology}}},
  volume = {41},
  url = {http://dx.doi.org/10.1146/annurev-biophys-042910-155245},
  timestamp = {2015-11-17T23:17:45Z},
  number = {1},
  journal = {Annual Review of Biophysics},
  author = {Dror, Ron O. and Dirks, Robert M. and Grossman, J. P. and Xu, Huafeng and Shaw, David E.},
  urldate = {2015-11-17},
  date = {2012},
  pages = {429--452},
  keywords = {Anton,drug binding,millisecond timescale,Molecular dynamics,Protein Folding},
  eprinttype = {pmid},
  eprint = {22577825}
}

@article{alvarez_vecino_optimization_2015,
  title = {Optimization of the cluster analysis tool {{pyProCT}} with {{pyCOMPSs}}},
  url = {https://upcommons.upc.edu/handle/2117/79993},
  timestamp = {2016-01-31T13:08:03Z},
  author = {Alvarez Vecino, Pol and {Rosa M Badia} and {Victor A Gil}},
  urldate = {2015-11-17},
  date = {2015-10-26}
}

@article{shan_how_2011,
  title = {How {{Does}} a {{Drug Molecule Find Its Target Binding Site}}?},
  volume = {133},
  url = {http://dx.doi.org/10.1021/ja202726y},
  timestamp = {2015-11-17T23:19:27Z},
  number = {24},
  journal = {J. Am. Chem. Soc.},
  author = {Shan, Yibing and Kim, Eric T. and Eastwood, Michael P. and Dror, Ron O. and Seeliger, Markus A. and Shaw, David E.},
  urldate = {2015-11-17},
  date = {2011-06-22},
  pages = {9181--9183}
}

@article{tejedor_high-productivity_2012,
  title = {A {{High}}-productivity {{Task}}-based {{Programming Model}} for {{Clusters}}},
  volume = {24},
  url = {http://dx.doi.org/10.1002/cpe.2831},
  timestamp = {2016-01-31T13:10:33Z},
  number = {18},
  journal = {Concurr. Comput. : Pract. Exper.},
  author = {Tejedor, Enric and Farreras, Montse and Grove, David and Badia, Rosa M. and Almasi, Gheorghe and Labarta, Jesus},
  urldate = {2016-01-31},
  date = {2012-12},
  pages = {2421--2448},
  keywords = {asynchronous execution,high performance computing,parallel programming models,productivity}
}

@article{orellana_approaching_2010,
  title = {Approaching {{Elastic Network Models}} to {{Molecular Dynamics Flexibility}}},
  volume = {6},
  url = {http://dx.doi.org/10.1021/ct100208e},
  timestamp = {2016-02-15T19:09:46Z},
  number = {9},
  journal = {J. Chem. Theory Comput.},
  author = {Orellana, Laura and Rueda, Manuel and Ferrer-Costa, Carles and Lopez-Blanco, Jos{\'e} Ram{\'o}n and Chac{\'o}n, Pablo and Orozco, Modesto},
  urldate = {2015-11-17},
  date = {2010-09-14},
  pages = {2910--2923}
}

@article{tejedor_pycompss_2015,
  title = {{{PyCOMPSs}}: {{Parallel}} computational workflows in {{Python}}},
  url = {http://hpc.sagepub.com/content/early/2015/08/19/1094342015594678},
  timestamp = {2016-01-31T13:12:04Z},
  langid = {english},
  journal = {International Journal of High Performance Computing Applications},
  author = {Tejedor, Enric and Becerra, Yolanda and Alomar, Guillem and Queralt, Anna and Badia, Rosa M. and Torres, Jordi and Cortes, Toni and Labarta, Jes{\'u}s},
  urldate = {2016-01-31},
  date = {2015-08-19},
  pages = {1094342015594678},
  keywords = {Big Data storage,parallel programming models,Python,Scientic computing}
}

@article{lopez-blanco_imod_2011,
  title = {{{iMod}}: multipurpose normal mode analysis in internal coordinates},
  volume = {27},
  timestamp = {2016-03-30T09:04:40Z},
  number = {20},
  journal = {Bioinformatics},
  author = {Lopez-Blanco, Jos{\'e} Ram{\'o}n and Garz{\'o}n, Jos{\'e} Ignacio and Chac{\'o}n, Pablo},
  date = {2011-10-15},
  pages = {2843--2850},
  keywords = {Models; Molecular,Monte Carlo Method,Nucleic Acid Conformation,Protein Conformation,Software},
  eprinttype = {pmid},
  eprint = {21873636}
}

@article{yang_close_2008,
  title = {Close {{Correspondence}} between the {{Essential Protein Motions}} from {{Principal Component Analysis}} of {{Multiple HIV}}-1 {{Protease Structures}} and {{Elastic Network Modes}}},
  volume = {16},
  url = {http://www.ncbi.nlm.nih.gov/pmc/articles/PMC2350220/},
  timestamp = {2015-11-17T23:27:51Z},
  number = {2},
  journal = {Structure},
  author = {Yang, Lei and Song, Guang and Carriquiry, Alicia and Jernigan, Robert L.},
  urldate = {2015-11-17},
  date = {2008-02},
  pages = {321--330},
  eprinttype = {pmid},
  eprint = {18275822},
  pmcid = {PMC2350220}
}

@article{yang_comparisons_2009,
  title = {Comparisons of {{Experimental}} and {{Computed Protein Anisotropic Temperature Factors}}},
  volume = {76},
  url = {http://www.ncbi.nlm.nih.gov/pmc/articles/PMC2775930/},
  timestamp = {2015-11-17T23:29:20Z},
  number = {1},
  journal = {Proteins},
  author = {Yang, Lei and Song, Guang and Jernigan, Robert L.},
  urldate = {2015-11-17},
  date = {2009-07},
  pages = {164--175},
  eprinttype = {pmid},
  eprint = {19127591},
  pmcid = {PMC2775930}
}

@article{jorgensen_monte_1996,
  title = {Monte {{Carlo}} vs {{Molecular Dynamics}} for {{Conformational Sampling}}},
  volume = {100},
  url = {http://dx.doi.org/10.1021/jp960880x},
  timestamp = {2015-11-17T23:32:01Z},
  number = {34},
  journal = {J. Phys. Chem.},
  author = {Jorgensen, William L. and Tirado-Rives, Julian},
  urldate = {2015-11-17},
  date = {1996-01-01},
  pages = {14508--14513}
}

@article{cock_biopython_2009-1,
  title = {Biopython: freely available {{Python}} tools for computational molecular biology and bioinformatics},
  volume = {25},
  timestamp = {2016-02-07T17:59:29Z},
  number = {11},
  journal = {Bioinformatics},
  author = {Cock, Peter J A and Antao, Tiago and Chang, Jeffrey T and Chapman, Brad A and Cox, Cymon J and Dalke, Andrew and Friedberg, Iddo and Hamelryck, Thomas and Kauff, Frank and Wilczynski, Bartek and de Hoon, Michiel J L},
  date = {2009-06-01},
  pages = {1422--1423},
  keywords = {Computational Biology,Databases; Factual,Internet,Programming Languages,Software},
  options = {useprefix=true},
  eprinttype = {pmid},
  eprint = {19304878}
}

@article{trosset_prodock_1999,
  title = {Prodock: {{Software}} package for protein modeling and docking},
  volume = {20},
  url = {http://onlinelibrary.wiley.com/doi/10.1002/(SICI)1096-987X(199903)20:4<412::AID-JCC3>3.0.CO;2-N/abstract},
  timestamp = {2015-11-17T23:36:00Z},
  langid = {english},
  number = {4},
  journal = {J. Comput. Chem.},
  author = {Trosset, Jean-Yves and Scheraga, Harold A.},
  urldate = {2015-11-17},
  date = {1999-03-01},
  pages = {412--427},
  keywords = {docking,Molecular modeling,Monte Carlo minimization,Optimization,quaternions}
}

@article{morris_distributed_1996,
  title = {Distributed automated docking of flexible ligands to proteins: parallel applications of {{AutoDock}} 2.4},
  volume = {10},
  timestamp = {2015-11-17T23:37:26Z},
  number = {4},
  journal = {J. Comput. Aided Mol. Des.},
  author = {Morris, G. M. and Goodsell, D. S. and Huey, R. and Olson, A. J.},
  date = {1996-08},
  pages = {293--304},
  keywords = {Azepines,Bacterial Proteins,Benzamidines,Biotin,Camphor,Camphor 5-Monooxygenase,cluster analysis,Computer Simulation,Crystallography; X-Ray,Hemagglutinins,HIV Protease,HIV Protease Inhibitors,Immunoglobulin Fab Fragments,Ligands,Molecular Conformation,N-Acetylneuraminic Acid,Phosphorylcholine,Protein Binding,Protein Conformation,Software,Streptavidin,Trypsin,User-Computer Interface},
  eprinttype = {pmid},
  eprint = {8877701}
}

@article{liu_mcdock_1999,
  title = {{{MCDOCK}}: {{A Monte Carlo}} simulation approach to the molecular docking problem},
  volume = {13},
  url = {http://link.springer.com/article/10.1023/A%3A1008005918983},
  timestamp = {2015-11-17T23:38:14Z},
  langid = {english},
  number = {5},
  journal = {J Comput Aided Mol Des},
  author = {Liu, Ming and Wang, Shaomeng},
  urldate = {2015-11-17},
  date = {1999-09},
  pages = {435--451},
  keywords = {Animal Anatomy / Morphology / Histology,Computer Applications in Chemistry,flexible ligand docking,ligand and protein interaction,molecular recognition,Monte Carlo simulation,Physical Chemistry,structure-based drug discovery}
}

@article{lucas_atomic_2014,
  title = {Atomic level rendering of {{DNA}}-drug encounter},
  volume = {106},
  timestamp = {2016-01-31T18:53:01Z},
  number = {2},
  journal = {Biophys. J.},
  author = {Lucas, Maria F. and Cabeza de Vaca, Israel and Takahashi, Ryoji and Rubio-Mart{\'\i}nez, Jaime and Guallar, V{\'\i}ctor},
  date = {2014-01-21},
  pages = {421--429},
  keywords = {Antineoplastic Agents,Base Sequence,Cisplatin,DNA,Kinetics,Molecular Dynamics Simulation,Nucleic Acid Conformation,Thermodynamics},
  eprinttype = {pmid},
  eprint = {24461017},
  pmcid = {PMC3907256}
}

@incollection{florence_tama_unveiling_2005,
  title = {Unveiling {{Molecular Mechanisms}} of {{Biological Functions}} in {{Large Macromolecular Assemblies Using Elastic Network Normal Mode Analysis}}},
  volumes = {0},
  timestamp = {2016-04-10T21:11:01Z},
  booktitle = {Normal {{Mode Analysis}}},
  series = {Chapman \& Hall/CRC Mathematical \& Computational Biology},
  publisher = {{Chapman and Hall/CRC}},
  author = {{Florence Tama} and {Charles L. Brooks}},
  date = {2005-12-12},
  pages = {111--135}
}

@article{xiang_prediction_2007,
  title = {Prediction of {{Side-Chain Conformations}} on {{Protein Surfaces}}},
  volume = {66},
  url = {http://www.ncbi.nlm.nih.gov/pmc/articles/PMC2743384/},
  timestamp = {2015-11-17T23:45:53Z},
  number = {4},
  journal = {Proteins},
  author = {Xiang, Zhexin and Steinbach, Peter J. and Jacobson, Matthew P. and Friesner, Richard A. and Honig, Barry},
  urldate = {2015-11-17},
  date = {2007-03-01},
  pages = {814--823},
  eprinttype = {pmid},
  eprint = {17206724},
  pmcid = {PMC2743384}
}

@article{onufriev_exploring_2004,
  title = {Exploring protein native states and large-scale conformational changes with a modified generalized born model},
  volume = {55},
  timestamp = {2015-11-18T00:09:48Z},
  number = {2},
  journal = {Proteins},
  author = {Onufriev, Alexey and Bashford, Donald and Case, David A.},
  date = {2004-05-01},
  pages = {383--394},
  keywords = {Bacterial Proteins,Computer Simulation,Models; Molecular,Poisson Distribution,Protein Conformation,Protein Folding,Proteins,Ribonucleases,Software,Solvents,Staphylococcal Protein A,Static Electricity,Thermodynamics,Thioredoxins,ubiquitin},
  eprinttype = {pmid},
  eprint = {15048829}
}

@article{jacobson_role_2002,
  title = {On the role of the crystal environment in determining protein side-chain conformations},
  volume = {320},
  timestamp = {2015-11-18T00:15:05Z},
  number = {3},
  journal = {J. Mol. Biol.},
  author = {Jacobson, Matthew P. and Friesner, Richard A. and Xiang, Zhexin and Honig, Barry},
  date = {2002-07-12},
  pages = {597--608},
  keywords = {Computer Simulation,Crystallization,Crystallography; X-Ray,Databases; Protein,Models; Molecular,Protein Conformation,Proteins},
  eprinttype = {pmid},
  eprint = {12096912}
}

@article{cabeza_de_vaca_new_2015,
  title = {New {{Monte Carlo Based Technique To Study DNA-Ligand Interactions}}},
  url = {http://dx.doi.org/10.1021/acs.jctc.5b00838},
  timestamp = {2016-02-15T19:11:15Z},
  journal = {J. Chem. Theory Comput.},
  author = {Cabeza de Vaca, Israel and Lucas, Maria F{\'a}tima and Guallar, Victor},
  urldate = {2015-11-18},
  date = {2015-11-03}
}

@article{fraccalvieri_self_2013,
  title = {Self {{Organizing Maps}} to efficiently cluster and functionally interpret protein conformational ensembles},
  volume = {130},
  url = {http://arxiv.org/abs/1309.7694},
  timestamp = {2016-01-31T19:03:50Z},
  journal = {Electronic Proceedings in Theoretical Computer Science},
  author = {Fraccalvieri, Domenico and Bonati, Laura and Stella, Fabio},
  urldate = {2016-01-31},
  date = {2013-09-30},
  pages = {83--86},
  keywords = {Computer Science - Computational Engineering; Finance; and Science,Quantitative Biology - Biomolecules},
  eprinttype = {arxiv},
  eprint = {1309.7694}
}

@article{jorgensen_molecular_2005,
  title = {Molecular modeling of organic and biomolecular systems using {{BOSS}} and {{MCPRO}}},
  volume = {26},
  timestamp = {2015-11-18T00:55:17Z},
  number = {16},
  journal = {J Comput Chem},
  author = {Jorgensen, William L. and Tirado-Rives, Julian},
  date = {2005-12},
  pages = {1689--1700},
  keywords = {Chemistry; Organic,Models; Biological,Models; Chemical,Models; Molecular,Models; Statistical,Monte Carlo Method,Organic Chemistry Phenomena,Protein Binding,Software,Thermodynamics},
  eprinttype = {pmid},
  eprint = {16200637}
}

@article{amadei_efficient_1996,
  title = {An efficient method for sampling the essential subspace of proteins},
  volume = {13},
  timestamp = {2015-11-18T00:55:59Z},
  number = {4},
  journal = {J. Biomol. Struct. Dyn.},
  author = {Amadei, A. and Linssen, A. B. and de Groot, B. L. and van Aalten, D. M. and Berendsen, H. J.},
  date = {1996-02},
  pages = {615--625},
  keywords = {Bacterial Proteins,Computer Simulation,Escherichia coli,Hydrogen Bonding,Mathematical Computing,Models; Molecular,Phosphoproteins,Protein Structure; Secondary,Solvents,Thermodynamics},
  options = {useprefix=true},
  eprinttype = {pmid},
  eprint = {8906882}
}

@article{de_groot_extended_1996,
  title = {An extended sampling of the configurational space of {{HPr}} from {{E}}-coli},
  volume = {26},
  timestamp = {2015-11-18T00:57:50Z},
  number = {3},
  journal = {Proteins},
  author = {de Groot, B.L. and Amadei, A. and Scheek, R. M. and van Nuland, N.A.J. and Berendsen, H. J. C.},
  date = {1996-11},
  pages = {314 -- 322},
  note = {Journal OV V760 ROTEIN-STRUCT FUNCT GENET},
  keywords = {distance restraints,essential dynamics,HIGH-RESOLUTION STRUCTURE,molecular dynamics,NMR,nuclear magnetic resonance,nuclear Overhauser effect,PHOSPHOCARRIER PROTEIN HPR,protein structure,RESTRAINED MOLECULAR-DYNAMICS,SYSTEMS},
  options = {useprefix=true}
}

@article{amadei_essential_1993,
  title = {Essential dynamics of proteins},
  volume = {17},
  timestamp = {2015-11-18T01:00:34Z},
  number = {4},
  journal = {Proteins},
  author = {Amadei, A. and Linssen, A. B. and Berendsen, H. J.},
  date = {1993-12},
  pages = {412--425},
  keywords = {Animals,Chickens,Egg White,Models; Chemical,Models; Theoretical,Muramidase},
  eprinttype = {pmid},
  eprint = {8108382}
}

@article{tama_conformational_2001,
  title = {Conformational change of proteins arising from normal mode calculations},
  volume = {14},
  timestamp = {2015-11-18T01:03:21Z},
  number = {1},
  journal = {Protein Eng.},
  author = {Tama, F. and Sanejouand, Y. H.},
  date = {2001-01},
  pages = {1--6},
  keywords = {Amino Acid Sequence,Crystallography; X-Ray,Models; Molecular,Models; Theoretical,Molecular Sequence Data,Motion,Protein Conformation,Protein Structure; Secondary},
  eprinttype = {pmid},
  eprint = {11287673}
}

@article{frappier_coarse-grained_2014,
  title = {A {{Coarse-Grained Elastic Network Atom Contact Model}} and {{Its Use}} in the {{Simulation}} of {{Protein Dynamics}} and the {{Prediction}} of the {{Effect}} of {{Mutations}}},
  volume = {10},
  url = {http://dx.doi.org/10.1371/journal.pcbi.1003569},
  timestamp = {2015-11-18T01:04:20Z},
  number = {4},
  journal = {PLoS Comput Biol},
  author = {Frappier, Vincent and Najmanovich, Rafael J.},
  urldate = {2015-11-18},
  date = {2014-04-24},
  pages = {e1003569}
}

@book{wilson_molecular_2012,
  title = {Molecular {{Vibrations}}: {{The Theory}} of {{Infrared}} and {{Raman Vibrational Spectra}}},
  pagetotal = {414},
  timestamp = {2015-11-18T01:05:08Z},
  langid = {english},
  publisher = {{Courier Corporation}},
  author = {Wilson, E. Bright and Decius, J. C. and Cross, Paul C.},
  date = {2012-05-11},
  keywords = {Science / Chemistry / General}
}

@article{gordon_approximate_1968,
  title = {Approximate {{Self-Consistent Molecular-Orbital Theory}}. {{VI}}. {{INDO Calculated Equilibrium Geometries}}},
  volume = {49},
  url = {http://adsabs.harvard.edu/abs/1968JChPh..49.4643G},
  timestamp = {2015-11-18T01:06:13Z},
  journal = {Journal of Chemical Physics},
  author = {Gordon, M. S. and Pople, J. A.},
  urldate = {2015-11-18},
  date = {1968-11-01},
  pages = {4643--4650}
}

@article{zheng_anharmonic_2010,
  title = {Anharmonic {{Normal Mode Analysis}} of {{Elastic Network Model Improves}} the~{{Modeling}} of {{Atomic Fluctuations}} in {{Protein Crystal Structures}}},
  volume = {98},
  url = {http://www.ncbi.nlm.nih.gov/pmc/articles/PMC2884254/},
  timestamp = {2015-11-18T01:06:34Z},
  number = {12},
  journal = {Biophys J},
  author = {Zheng, Wenjun},
  urldate = {2015-11-18},
  date = {2010-06-16},
  pages = {3025--3034},
  eprinttype = {pmid},
  eprint = {20550915},
  pmcid = {PMC2884254}
}

@article{stein_torsion-angle_1997,
  title = {Torsion-{{Angle Molecular Dynamics}} as a {{New Efficient Tool}} for {{NMR Structure Calculation}}},
  volume = {124},
  url = {http://www.sciencedirect.com/science/article/pii/S1090780796910277},
  timestamp = {2015-11-18T01:06:51Z},
  number = {1},
  journal = {Journal of Magnetic Resonance},
  author = {Stein, Evan G. and Rice, Luke M. and Br{\"u}nger, Axel T.},
  urldate = {2015-11-18},
  date = {1997-01},
  pages = {154--164}
}

@article{guntert_torsion_1997,
  title = {Torsion angle dynamics for {{NMR}} structure calculation with the new program {{DYANA}}},
  volume = {273},
  timestamp = {2015-11-18T01:07:07Z},
  number = {1},
  journal = {J. Mol. Biol.},
  author = {G{\"u}ntert, P. and Mumenthaler, C. and W{\"u}thrich, K.},
  date = {1997-10-17},
  pages = {283--298},
  keywords = {Algorithms,Chemistry; Physical,Computer Simulation,DNA,Magnetic Resonance Spectroscopy,Mathematics,Models; Molecular,Nucleic Acid Conformation,Phosphoglycerate Kinase,Physicochemical Phenomena,Protein Conformation,Proteins,RNA,Software},
  eprinttype = {pmid},
  eprint = {9367762}
}

@article{kidera_refinement_1990,
  title = {Refinement of protein dynamic structure: normal mode refinement.},
  volume = {87},
  url = {http://www.pnas.org/content/87/10/3718},
  timestamp = {2015-11-18T01:08:19Z},
  langid = {english},
  number = {10},
  journal = {PNAS},
  author = {Kidera, A. and Go, N.},
  urldate = {2015-11-18},
  date = {1990-01-05},
  pages = {3718--3722},
  eprinttype = {pmid},
  eprint = {2339115}
}

@article{tosiyuki_noguti_efficient_1985,
  title = {Efficient {{Monte Carlo}} method for simulation of fluctuating conformations of native proteins},
  volume = {24},
  timestamp = {2015-11-18T01:08:48Z},
  number = {3},
  journal = {Biopolymers},
  author = {Tosiyuki Noguti, Noguhiro G\={o}},
  date = {1985}
}

@article{sklenar_using_2006,
  title = {Using internal and collective variables in {{Monte Carlo}} simulations of nucleic acid structures: chain breakage/closure algorithm and associated {{Jacobians}}},
  volume = {27},
  timestamp = {2015-11-18T01:09:32Z},
  number = {3},
  journal = {J Comput Chem},
  author = {Sklenar, Heinz and W{\"u}stner, Daniel and Rohs, Remo},
  date = {2006-02},
  pages = {309--315},
  keywords = {Algorithms,Monte Carlo Method,Nucleic Acid Conformation,Nucleic acids},
  eprinttype = {pmid},
  eprint = {16355439}
}

@article{kovacs_conformational_2005,
  title = {Conformational {{Sampling}} of {{Protein Flexibility}} in {{Generalized Coordinates}}: {{Application}} to {{Ligand Docking}}},
  volume = {2},
  timestamp = {2015-11-18T01:09:50Z},
  number = {3},
  journal = {Journal of Computational and Theoretical Nanoscience},
  author = {Kovacs, Julio A. and Cavasotto, Claudio N. and Abagyan, Ruben},
  date = {2005-09-01},
  pages = {354--361},
  keywords = {Conformational Ensemble,Normal-Mode Analysis,Protein Flexibility,Receptor Ensemble Docking,Virtual Screening}
}

@article{eckart_studies_1935,
  title = {Some {{Studies Concerning Rotating Axes}} and {{Polyatomic Molecules}}},
  volume = {47},
  url = {http://link.aps.org/doi/10.1103/PhysRev.47.552},
  timestamp = {2015-11-18T01:10:16Z},
  number = {7},
  journal = {Phys. Rev.},
  author = {Eckart, Carl},
  urldate = {2015-11-18},
  date = {1935-04-01},
  pages = {552--558}
}

@article{abe_rapid_1984,
  title = {Rapid calculation of first and second derivatives of conformational energy with respect to dihedral angles for proteins general recurrent equations},
  volume = {8},
  url = {http://www.sciencedirect.com/science/article/pii/0097848584850159},
  timestamp = {2015-11-18T01:10:47Z},
  number = {4},
  journal = {Computers \& Chemistry},
  author = {Abe, H. and Braun, W. and Noguti, T. and G\={o}, N.},
  urldate = {2015-11-18},
  date = {1984-01-01},
  pages = {239--247}
}

@article{braun_formulation_1984,
  title = {Formulation of {{Static}} and {{Dynamic Conformational Energy Analysis}} of {{Biopolymer Systems Consisting}} of {{Two}} or {{More Molecules}}},
  volume = {53},
  url = {http://journals.jps.jp/doi/abs/10.1143/JPSJ.53.3269},
  timestamp = {2015-11-18T01:11:26Z},
  number = {9},
  journal = {J. Phys. Soc. Jpn.},
  author = {Braun, Werner and Yoshioki, Shuzo and G\={o}, Nobuhiro},
  urldate = {2015-11-18},
  date = {1984-09-15},
  pages = {3269--3275}
}

@article{shao_clustering_2007,
  title = {Clustering {{Molecular Dynamics Trajectories}}: 1. {{Characterizing}} the {{Performance}} of {{Different Clustering Algorithms}}},
  volume = {3},
  url = {http://dx.doi.org/10.1021/ct700119m},
  timestamp = {2016-01-31T19:07:17Z},
  number = {6},
  journal = {J. Chem. Theory Comput.},
  author = {Shao, Jianyin and Tanner, Stephen W. and Thompson, Nephi and Cheatham, Thomas E.},
  urldate = {2016-01-31},
  date = {2007-11-01},
  pages = {2312--2334}
}

@article{lu_new_2006,
  title = {A {{New Method}} for {{Coarse-Grained Elastic Normal-Mode Analysis}}},
  volume = {2},
  url = {http://dx.doi.org/10.1021/ct050307u},
  timestamp = {2015-11-18T01:11:44Z},
  number = {3},
  journal = {J. Chem. Theory Comput.},
  author = {Lu, Mingyang and Poon, Billy and Ma, Jianpeng},
  urldate = {2015-11-18},
  date = {2006-05-01},
  pages = {464--471}
}

@article{ester_density-based_1996,
  title = {A density-based algorithm for discovering clusters in large spatial databases with noise},
  timestamp = {2016-02-10T18:58:50Z},
  author = {Ester, Martin and Kriegel, Hans-peter and S, Jorg and Xu, Xiaowei},
  date = {1996},
  pages = {226--231}
}

@article{meyer_model_2010,
  title = {{{MoDEL}} ({{Molecular Dynamics Extended Library}}): a database of atomistic molecular dynamics trajectories},
  volume = {18},
  timestamp = {2015-11-18T01:11:59Z},
  number = {11},
  journal = {Structure},
  author = {Meyer, Tim and D'Abramo, Marco and Hospital, Adam and Rueda, Manuel and Ferrer-Costa, Carles and P{\'e}rez, Alberto and Carrillo, Oliver and Camps, Jordi and Fenollosa, Carles and Repchevsky, Dmitry and Gelp{\'\i}, Josep Lluis and Orozco, Modesto},
  date = {2010-11-10},
  pages = {1399--1409},
  keywords = {Databases; Protein,Data mining,Internet,Models; Molecular,Molecular Dynamics Simulation,Protein Conformation,Software,Solvents},
  eprinttype = {pmid},
  eprint = {21070939}
}

@article{li_monte_1987,
  title = {Monte {{Carlo}}-minimization approach to the multiple-minima problem in protein folding},
  volume = {84},
  url = {http://www.pnas.org/content/84/19/6611},
  timestamp = {2015-11-18T01:13:14Z},
  langid = {english},
  number = {19},
  journal = {PNAS},
  author = {Li, Z. and Scheraga, H. A.},
  urldate = {2015-11-18},
  date = {1987-01-10},
  pages = {6611--6615},
  eprinttype = {pmid},
  eprint = {3477791}
}

@article{nilmeier_nonequilibrium_2011,
  title = {Nonequilibrium candidate {{Monte Carlo}}: {{A}} new tool for efficient equilibrium simulation},
  volume = {108},
  url = {http://arxiv.org/abs/1105.2278},
  timestamp = {2015-11-18T01:14:03Z},
  number = {45},
  journal = {Proceedings of the National Academy of Sciences},
  author = {Nilmeier, Jerome P. and Crooks, Gavin E. and Minh, David D. L. and Chodera, John D.},
  urldate = {2015-11-18},
  date = {2011-11-08},
  pages = {E1009--E1018},
  keywords = {Condensed Matter - Statistical Mechanics},
  eprinttype = {arxiv},
  eprint = {1105.2278}
}

@article{giovannelli_nonequilibrium_2014,
  title = {Nonequilibrium {{Candidate Monte Carlo Simulations}} with {{Configurational Freezing Schemes}}},
  volume = {10},
  url = {http://dx.doi.org/10.1021/ct500340b},
  timestamp = {2015-11-18T01:14:39Z},
  number = {10},
  journal = {J. Chem. Theory Comput.},
  author = {Giovannelli, Edoardo and Gellini, Cristina and Pietraperzia, Giangaetano and Cardini, Gianni and Chelli, Riccardo},
  urldate = {2015-11-18},
  date = {2014-10-14},
  pages = {4273--4283}
}

@article{kenshu_kamiya_algorithm_2003,
  title = {Algorithm for normal mode analysis with general internal coordinates},
  volume = {24},
  timestamp = {2015-11-18T01:15:01Z},
  number = {7},
  journal = {Journal of computational chemistry},
  author = {Kenshu Kamiya, Yoko Sugawara},
  date = {2003},
  pages = {826--41}
}

@online{maxima_maxima_2014,
  title = {Maxima, a Computer Algebra System. Version 5.34.1},
  url = {http://maxima.sourceforge.net/},
  timestamp = {2015-11-18T01:16:42Z},
  date = {2014}
}

@article{rincon_munoz_alisis_2014,
  title = {An{\'a}lisis vibracional de prote{\'\i}nas en coordenadas internas mediante el modelo {{ANM}}},
  url = {http://upcommons.upc.edu/handle/2099.1/24417},
  timestamp = {2015-11-18T01:19:25Z},
  author = {Rinc{\'o}n Mu{\~n}oz, Alba and {Rosa M Badia} and {V{\'\i}ctor A. Gil}},
  urldate = {2015-11-18},
  date = {2014-12-17}
}

@article{phillips_validating_2011,
  title = {Validating clustering of molecular dynamics simulations using polymer models},
  volume = {12},
  url = {http://www.ncbi.nlm.nih.gov/pmc/articles/PMC3284309/},
  timestamp = {2016-01-31T19:13:43Z},
  journal = {BMC Bioinformatics},
  author = {Phillips, Joshua L and Colvin, Michael E and Newsam, Shawn},
  urldate = {2016-01-31},
  date = {2011-11-14},
  pages = {445},
  eprinttype = {pmid},
  eprint = {22082218},
  pmcid = {PMC3284309}
}

@article{noguti_dynamics_1983,
  title = {Dynamics of {{Native Globular Proteins}} in {{Terms}} of {{Dihedral Angles}}},
  volume = {52},
  url = {http://journals.jps.jp/doi/abs/10.1143/JPSJ.52.3283},
  timestamp = {2015-11-18T01:23:33Z},
  number = {9},
  journal = {J. Phys. Soc. Jpn.},
  author = {Noguti, Tosiyuki and G\={o}, Nobuhiro},
  urldate = {2015-11-18},
  date = {1983-09-15},
  pages = {3283--3288}
}

@article{noguti_method_1983,
  title = {A {{Method}} of {{Rapid Calculation}} of a {{Second Derivative Matrix}} of {{Conformational Energy}} for {{Large Molecules}}},
  volume = {52},
  url = {http://journals.jps.jp/doi/abs/10.1143/JPSJ.52.3685},
  timestamp = {2015-11-18T01:24:46Z},
  number = {10},
  journal = {J. Phys. Soc. Jpn.},
  author = {Noguti, Toshiyuki and G\={o}, Nobuhiro},
  urldate = {2015-11-18},
  date = {1983-10-15},
  pages = {3685--3690}
}

@article{heisterberg_qtrfit_1990,
  title = {{{QTRFIT}} algorithm for superimposing two similar rigid molecules},
  timestamp = {2016-01-31T20:26:04Z},
  journal = {The Ohio Supercomputer Center Ohio State University, Columbus, OH},
  author = {Heisterberg, DJ},
  date = {1990}
}

@article{luxburg_tutorial_2007,
  title = {A tutorial on spectral clustering},
  volume = {17},
  url = {http://link.springer.com/article/10.1007/s11222-007-9033-z},
  timestamp = {2015-11-18T01:27:27Z},
  langid = {english},
  number = {4},
  journal = {Stat Comput},
  author = {von Luxburg, Ulrike},
  urldate = {2015-11-18},
  date = {2007-08-22},
  pages = {395--416},
  keywords = {Artificial Intelligence (incl. Robotics),Graph Laplacian,Mathematics; general,Numeric Computing,Spectral clustering,Statistics and Computing/Statistics Programs,Statistics; general}
}

@article{berendsen_gromacs_1995,
  title = {{{GROMACS}}: {{A}} message-passing parallel molecular dynamics implementation},
  volume = {91},
  timestamp = {2016-01-31T20:38:20Z},
  number = {1-3},
  journal = {Computer Physics Communications},
  author = {Berendsen, HJC and van der Spoel, D. and van Drunen, Rudi},
  date = {1995},
  pages = {43--56},
  options = {useprefix=true}
}

@article{gil_pyproct_2014-1,
  title = {{{pyProCT}}: {{Automated Cluster Analysis}} for {{Structural Bioinformatics}}},
  volume = {10},
  url = {http://dx.doi.org/10.1021/ct500306s},
  timestamp = {2015-11-18T01:28:08Z},
  number = {8},
  journal = {J. Chem. Theory Comput.},
  author = {Gil, V{\'\i}ctor A. and Guallar, V{\'\i}ctor},
  urldate = {2015-11-18},
  date = {2014-08-12},
  pages = {3236--3243}
}

@article{gil_pyrmsd_2013-1,
  title = {{{pyRMSD}}: a {{Python}} package for efficient pairwise {{RMSD}} matrix calculation and handling},
  url = {http://bioinformatics.oxfordjournals.org/content/early/2013/07/10/bioinformatics.btt402},
  timestamp = {2015-11-18T01:28:24Z},
  langid = {english},
  journal = {Bioinformatics},
  author = {Gil, V{\'\i}ctor A. and Guallar, V{\'\i}ctor},
  urldate = {2015-11-18},
  date = {2013-07-10},
  pages = {btt402},
  eprinttype = {pmid},
  eprint = {23846743}
}

@book{rossum_python_1995,
  location = {{pub-CWI}},
  title = {Python library reference},
  url = {http://www.python.org/doc/lib/lib.html},
  pagetotal = {iv + 186},
  timestamp = {2015-11-18T01:31:18Z},
  number = {CS-R9524},
  publisher = {{pub-CWI}},
  author = {van Rossum, Guido},
  date = {1995-04},
  keywords = {Object-oriented programming (Computer science),Programming languages (Electronic computers)}
}

@article{horn_closed-form_1987,
  title = {Closed-form solution of absolute orientation using unit quaternions},
  volume = {4},
  timestamp = {2015-11-18T01:32:14Z},
  number = {4},
  journal = {Journal of the Optical Society of America A},
  author = {Horn, Berthold K. P.},
  date = {1987},
  pages = {629--642}
}

@article{kneller_comment_2011,
  title = {Comment on \textquotedblleft{}{{Fast}} determination of the optimal rotational matrix for macromolecular superpositions\textquotedblright{} [{{J}}. {{Comp}}. {{Chem}}. 31, 1561 (2010)]},
  volume = {32},
  url = {http://onlinelibrary.wiley.com/doi/10.1002/jcc.21607/abstract},
  timestamp = {2015-11-18T01:32:32Z},
  langid = {english},
  number = {1},
  journal = {J. Comput. Chem.},
  author = {Kneller, Gerald R.},
  urldate = {2015-11-18},
  date = {2011-01-15},
  pages = {183--184},
  keywords = {quaternions,rotational superposition,structural alignment}
}

@article{sander_density-based_1998-2,
  title = {Density-{{Based Clustering}} in {{Spatial Databases}}: {{The Algorithm GDBSCAN}} and {{Its Applications}}},
  volume = {2},
  url = {http://link.springer.com/article/10.1023/A%3A1009745219419},
  timestamp = {2016-02-10T21:34:55Z},
  langid = {english},
  number = {2},
  journal = {Data Mining and Knowledge Discovery},
  author = {Sander, Joerg and Ester, Martin and Kriegel, Hans-Peter and Xu, Xiaowei},
  date = {1998-06},
  pages = {169--194}
}

@article{liu_fast_2010,
  title = {Fast determination of the optimal rotational matrix for macromolecular superpositions},
  volume = {31},
  url = {http://www.ncbi.nlm.nih.gov/pmc/articles/PMC2958452/},
  timestamp = {2015-11-18T01:32:48Z},
  number = {7},
  journal = {J Comput Chem},
  author = {Liu, Pu and Agrafiotis, Dimitris K and Theobald, Douglas L},
  urldate = {2015-11-18},
  date = {2010-05},
  pages = {1561--1563},
  eprinttype = {pmid},
  eprint = {20017124},
  pmcid = {PMC2958452}
}

@article{theobald_rapid_2005-1,
  title = {Rapid calculation of {{RMSDs}} using a quaternion-based characteristic polynomial},
  volume = {61},
  timestamp = {2015-11-18T01:33:06Z},
  issue = {Pt 4},
  journal = {Acta Crystallogr., A, Found. Crystallogr.},
  author = {Theobald, Douglas L.},
  date = {2005-07},
  pages = {478--480},
  eprinttype = {pmid},
  eprint = {15973002}
}

@article{kabsch_discussion_1978,
  title = {A discussion of the solution for the best rotation to relate two sets of vectors},
  volume = {34},
  url = {http://scripts.iucr.org/cgi-bin/paper?S0567739478001680},
  timestamp = {2015-11-18T01:33:31Z},
  number = {5},
  journal = {Acta Crystallographica Section A},
  author = {Kabsch, W.},
  urldate = {2015-11-18},
  date = {1978-09-01},
  pages = {827--828}
}

@article{kabsch_solution_1976,
  title = {A solution for the best rotation to relate two sets of vectors},
  volume = {32},
  url = {http://scripts.iucr.org/cgi-bin/paper?S0567739476001873},
  timestamp = {2015-11-18T01:33:49Z},
  number = {5},
  journal = {Acta Crystallographica Section A},
  author = {Kabsch, W.},
  urldate = {2015-11-18},
  date = {1976-09-01},
  pages = {922--923}
}

@article{umeyama_least-squares_1991,
  title = {Least-squares estimation of transformation parameters between two point patterns},
  volume = {13},
  timestamp = {2015-11-18T01:34:08Z},
  number = {4},
  journal = {IEEE Transactions on Pattern Analysis and Machine Intelligence},
  author = {Umeyama, S.},
  date = {1991-04},
  pages = {376--380},
  keywords = {Application software,Calibration,Cameras,Computer graphics,computer vision,computer vision;,error analysis,Image processing,least mean squared error,least squares approximations,parameter estimation,Pattern Recognition,Robotics and automation,Robot vision systems,transformation parameters,two point patterns}
}

@inproceedings{ankerst_optics_1999-1,
  title = {{{OPTICS}}: {{Ordering Points To Identify}} the {{Clustering Structure}}},
  timestamp = {2016-02-10T18:58:51Z},
  publisher = {{ACM Press}},
  author = {Ankerst, Mihael and Breunig, Markus M. and Kriegel, Hans-peter and Sander, J{\"o}rg},
  date = {1999},
  pages = {49--60}
}

@article{zhou_research_2012-1,
  title = {Research on {{Adaptive Parameters Determination}} in {{DBSCAN Algorithm}}},
  volume = {9 (7)},
  timestamp = {2016-02-10T18:58:51Z},
  journal = {Journal of Information and Computational Science},
  author = {Zhou, Hongfang and Wang, Peng and Li, Hongfang},
  date = {2012},
  pages = {1967--1973}
}

@article{daura_peptide_1999,
  title = {Peptide {{Folding}}: {{When Simulation Meets Experiment}}},
  volume = {38},
  timestamp = {2016-02-10T18:58:51Z},
  number = {1-2},
  journal = {Angew. Chem., Int. Ed. Engl.},
  author = {Daura, Xavier and Gademann, Karl and Jaun, Bernhard and Seebach, Dieter and van Gunsteren, Wilfred F. and Mark, Alan E.},
  date = {1999},
  pages = {236--240},
  options = {useprefix=true}
}

@article{daura_folding-unfolding_1999-1,
  title = {Folding-unfolding thermodynamics of a beta-heptapeptide from equilibrium simulations},
  volume = {34},
  timestamp = {2016-02-10T18:58:51Z},
  number = {3},
  journal = {Proteins},
  author = {Daura, X and van Gunsteren, W F and Mark, A E},
  date = {1999},
  pages = {269--280},
  options = {useprefix=true}
}

@article{berendsen_gromacs_1995-2,
  title = {Gromacs: {{A}} message-passing parallel molecular dynamics implementation},
  volume = {91},
  timestamp = {2016-02-10T18:58:51Z},
  journal = {Comp. Phys. Comm},
  author = {Berendsen, H. J. C. and Spoel, D. Van Der and Drunen, R. Van},
  date = {1995},
  pages = {43--56}
}

@article{mullner_fastcluster_2013,
  title = {fastcluster: {{Fast Hierarchical}}, {{Agglomerative Clustering Routines}} for {{R}} and {{Python}}},
  volume = {53},
  timestamp = {2016-02-10T18:58:51Z},
  number = {9},
  journal = {J. Stat. Soft.},
  author = {Mullner, Daniel},
  date = {2013},
  pages = {1--18}
}

@article{lloyd_least_1982,
  title = {Least squares quantization in {{PCM}}},
  volume = {28},
  timestamp = {2016-02-10T18:58:51Z},
  number = {2},
  journal = {IEEE Transactions on Information Theory},
  author = {Lloyd, S.},
  date = {1982-03},
  pages = {129--137}
}

@book{kaufman_finding_1990-1,
  location = {{New York}},
  title = {Finding groups in data: an introduction to cluster analysis},
  timestamp = {2016-02-10T18:58:51Z},
  publisher = {{John Wiley and Sons}},
  author = {Kaufman, L. and Rousseeuw, P. J.},
  date = {1990}
}

@article{shi_normalized_2000,
  title = {Normalized {{Cuts}} and {{Image Segmentation}}},
  volume = {22},
  url = {http://dx.doi.org/10.1109/34.868688},
  timestamp = {2016-02-10T18:58:51Z},
  number = {8},
  journal = {IEEE Trans. Pattern Anal. Mach. Intell.},
  author = {Shi, Jianbo and Malik, Jitendra},
  date = {2000-08},
  pages = {888--905}
}

@inproceedings{zelnik-manor_self-tuning_2004-1,
  title = {Self-tuning spectral clustering},
  timestamp = {2016-02-10T18:58:51Z},
  booktitle = {Advances in {{Neural Information Processing Systems}} 17},
  publisher = {{MIT Press}},
  author = {Zelnik-manor, Lihi and Perona, Pietro},
  date = {2004},
  pages = {1601--1608}
}

@incollection{michael_introduction_????,
  title = {Introduction to {{Data Mining}}},
  volume = {1},
  timestamp = {2016-02-10T18:58:51Z},
  booktitle = {Introduction to {{Data Mining}}},
  publisher = {{Addison-Wesley}},
  author = {Michael, Steinbach and Kumar, Vipin and Tan, Pang-Ning},
  pages = {487--568}
}

@incollection{he_quantitative_2004-1,
  title = {On {{Quantitative Evaluation}} of {{Clustering Systems}}},
  timestamp = {2016-04-10T21:16:42Z},
  langid = {english},
  number = {11},
  booktitle = {Clustering and {{Information Retrieval}}},
  series = {Network Theory and Applications},
  publisher = {{Springer US}},
  author = {He, Ji and Tan, Ah-Hwee and Tan, Chew-Lim and Sung, Sam-Yuan},
  date = {2004-01},
  pages = {105--133}
}

@article{davies_cluster_1979,
  title = {A {{Cluster Separation Measure}}},
  volume = {PAMI-1},
  timestamp = {2016-02-10T18:58:51Z},
  number = {2},
  journal = {IEEE Transactions on Pattern Analysis and Machine Intelligence},
  author = {Davies, David L. and Bouldin, Donald W.},
  date = {1979-04},
  pages = {224--227}
}

@article{dunn_fuzzy_1973-1,
  title = {A {{Fuzzy Relative}} of the {{ISODATA Process}} and {{Its Use}} in {{Detecting Compact Well-Separated Clusters}}},
  volume = {3},
  timestamp = {2016-02-10T18:58:51Z},
  number = {3},
  journal = {Cybernetics and Systems},
  author = {Dunn, J. C.},
  date = {1973},
  pages = {32--57}
}

@incollection{kryszczuk_estimation_2010-2,
  title = {Estimation of the {{Number}} of {{Clusters Using Multiple Clustering Validity Indices}}},
  timestamp = {2016-02-10T18:58:51Z},
  number = {5997},
  booktitle = {Multiple {{Classifier Systems}}},
  series = {Lecture Notes in Computer Science},
  publisher = {{Springer Berlin Heidelberg}},
  author = {Kryszczuk, Krzysztof and Hurley, Paul},
  editor = {Gayar, Neamat El and Kittler, Josef and Roli, Fabio},
  date = {2010},
  pages = {114--123}
}

@article{calinski_dendrite_1974-1,
  title = {A dendrite method for cluster analysis},
  volume = {3},
  timestamp = {2016-02-10T18:58:51Z},
  number = {1},
  journal = {Communications in Statistics},
  author = {Calinski, T. and Harabasz, J},
  date = {1974},
  pages = {1--27}
}

@article{rousseeuw_silhouettes_1987-1,
  title = {Silhouettes: {{A}} graphical aid to the interpretation and validation of cluster analysis},
  volume = {20},
  timestamp = {2016-02-10T18:58:51Z},
  issue = {C},
  journal = {Journal of Computational and Applied Mathematics},
  author = {Rousseeuw, P.J.},
  date = {1987},
  pages = {53--65}
}

@inproceedings{ding_min-max_2001-1,
  location = {{Washington, DC, USA}},
  title = {A {{Min}}-max {{Cut Algorithm}} for {{Graph Partitioning}} and {{Data Clustering}}},
  timestamp = {2016-04-10T21:17:40Z},
  booktitle = {Proceedings of the 2001 {{IEEE International Conference}} on {{Data Mining}}},
  series = {ICDM '01},
  publisher = {{IEEE Computer Society}},
  author = {Ding, Chris H. Q. and He, Xiaofeng and Zha, Hongyuan and Gu, Ming and Simon, Horst D.},
  date = {2001},
  pages = {107--114}
}

@article{hagen_new_1992,
  title = {New spectral methods for ratio cut partitioning and clustering},
  volume = {11},
  timestamp = {2016-02-10T18:58:52Z},
  number = {9},
  journal = {IEEE Transactions on Computer-Aided Design of Integrated Circuits and Systems},
  author = {Hagen, L. and Kahng, A.B.},
  date = {1992},
  pages = {1074--1085}
}

@article{bakan_prody_2011-3,
  title = {{{ProDy}}: {{Protein Dynamics Inferred}} from {{Theory}} and {{Experiments}}},
  volume = {27},
  url = {http://bioinformatics.oxfordjournals.org/cgi/doi/10.1093/\%0020bioinformatics/btr168},
  timestamp = {2016-02-10T18:58:52Z},
  number = {11},
  journal = {Bioinformatics},
  author = {Bakan, A. and Meireles, L. M. and Bahar, I.},
  date = {2011-04},
  pages = {1575--1577}
}

@article{kresten_lindorff-larsen1_how_2011,
  title = {How {{Fast-Folding Proteins Fold}}},
  volume = {334},
  timestamp = {2016-02-10T18:58:52Z},
  journal = {Science},
  author = {Kresten Lindorff-Larsen1, Stefano Piana, Ron O. Dror and Shaw, David E.},
  date = {2011},
  pages = {517--520}
}

@book{spaeth_spaeth_????-1,
  title = {{{SPAETH Cluster Analysis Tools}}},
  url = {http://people.sc.fsu.edu/\%0020jburkardt/f_src/spaeth/\%0020spaeth.html},
  timestamp = {2016-02-10T18:58:52Z},
  langid = {english},
  author = {Spaeth, Helmuth}
}

@book{wersdorfer_spectral_????,
  title = {spectral clustering with python},
  url = {http://wersdoerfer.com/\%0020jochen/s9y/index.php?/archives/\%0020109-spectral-clustering-with-python.html},
  timestamp = {2016-02-10T18:58:52Z},
  langid = {english},
  author = {Wersdorfer, Jochen}
}

@report{mestre-ferrandiz_rd_2012,
  title = {The {{R}}\&D {{Cost}} of a {{New Medicine}}},
  timestamp = {2016-02-12T12:16:18Z},
  institution = {{Office Of Health Economics}},
  type = {Monograph},
  author = {Mestre-Ferrandiz, J. and Sussex, J. and Towse, A.},
  date = {2012-12}
}

@article{dimasi_cost_2015,
  title = {The {{Cost}} of {{Drug Development}}},
  volume = {372},
  url = {http://dx.doi.org/10.1056/NEJMc1504317},
  timestamp = {2016-02-12T12:19:41Z},
  number = {20},
  journal = {New England Journal of Medicine},
  author = {DiMasi, Joseph A. and Grabowski, Henry G. and Hansen, Ronald W.},
  urldate = {2016-02-12},
  date = {2015-05-14},
  pages = {1972--1972},
  eprinttype = {pmid},
  eprint = {25970070}
}

@online{mullin_cost_????,
  title = {Cost to {{Develop New Pharmaceutical Drug Now Exceeds}} \textdollar{}2.{{5B}}},
  url = {http://www.scientificamerican.com/article/cost-to-develop-new-pharmaceutical-drug-now-exceeds-2-5b/},
  timestamp = {2016-02-12T12:21:11Z},
  titleaddon = {Scientific American},
  author = {Mullin, Rick},
  urldate = {2016-02-12}
}

@online{dreyfus_keeping_????,
  title = {Keeping the {{Lid}} on {{R}}\&D {{Costs}}},
  url = {http://www.dddmag.com/articles/2014/06/keeping-lid-r-d-costs},
  timestamp = {2016-02-12T12:25:57Z},
  titleaddon = {Drug Discovery \& Development},
  author = {Dreyfus, Nancy},
  urldate = {2016-02-12}
}

@online{oconnor_football_????,
  title = {Football - {{By}} the {{Numbers}}},
  url = {http://lillypad.lilly.com/entry.php?e=1424},
  timestamp = {2016-02-12T12:27:28Z},
  author = {O'Connor, Amy},
  urldate = {2016-02-12}
}

@online{gwynne_pharmaceutical_????,
  title = {Pharmaceutical and biopharmaceutical firms need to reduce the cost and lead time of drug development. {{A}} range of recently developed technologies makes that goal possible.},
  url = {http://www.sciencemag.org/site/products/ddbt_0207_Final.xhtml},
  timestamp = {2016-02-12T12:32:58Z},
  titleaddon = {Science},
  author = {Gwynne, Peter and Heebner, Gary},
  urldate = {2016-02-12}
}

@online{herper_cost_????,
  title = {The {{Cost Of Creating A New Drug Now}} \textdollar{}5 {{Billion}}, {{Pushing Big Pharma To Change}}},
  url = {http://www.forbes.com/sites/matthewherper/2013/08/11/how-the-staggering-cost-of-inventing-new-drugs-is-shaping-the-future-of-medicine/},
  timestamp = {2016-02-12T12:31:12Z},
  titleaddon = {Forbes},
  author = {Herper, Matthew},
  urldate = {2016-02-12}
}

@article{kidera_smart_1999,
  title = {Smart {{Monte Carlo}} simulation of a globular protein},
  volume = {75},
  url = {http://onlinelibrary.wiley.com/doi/10.1002/(SICI)1097-461X(1999)75:3<207::AID-QUA10>3.0.CO;2-M/abstract},
  timestamp = {2016-03-30T08:57:54Z},
  langid = {english},
  number = {3},
  journal = {Int. J. Quantum Chem.},
  author = {Kidera, Akinori},
  urldate = {2016-03-30},
  date = {1999-01-01},
  pages = {207--214},
  keywords = {force-bias method,globular proteins,Monte Carlo,scaled-collective variable method,smart Monte Carlo}
}

@report{tibco_transforming_????,
  title = {Transforming the {{Drug Development Process}}},
  timestamp = {2016-02-12T12:37:25Z},
  institution = {{TIBCO}},
  author = {TIBCO,}
}

@misc{phrma_2011_2011,
  title = {2011 annual report},
  timestamp = {2016-02-12T12:48:06Z},
  publisher = {{Pharmaceutical Research and Manufacturers of America}},
  author = {PhRMA,},
  date = {2011-10},
  keywords = {<PhRMA 2015>}
}

@misc{phrma_2013_2013,
  title = {2013 biopharmaceutical research industry profile},
  timestamp = {2016-02-12T12:47:32Z},
  publisher = {{Pharmaceutical Research and Manufacturers of America}},
  author = {PhRMA,},
  date = {2013-07},
  keywords = {<PhRMA 2015>}
}

@article{bruschweiler_collective_1995,
  title = {Collective protein dynamics and nuclear spin relaxation},
  volume = {102},
  url = {http://scitation.aip.org/content/aip/journal/jcp/102/8/10.1063/1.469213},
  timestamp = {2016-03-02T09:36:57Z},
  number = {8},
  journal = {The Journal of Chemical Physics},
  author = {Br{\"u}schweiler, Rafael},
  urldate = {2016-03-02},
  date = {1995-02-22},
  pages = {3396--3403},
  keywords = {Angular correlation,Nuclear magnetic resonance,Nuclear spin,Proteins,Spin relaxation}
}

@article{huang_ensemble_2007,
  title = {Ensemble docking of multiple protein structures: {{Considering}} protein structural variations in molecular docking},
  volume = {66},
  url = {http://onlinelibrary.wiley.com/doi/10.1002/prot.21214/abstract},
  timestamp = {2016-04-03T17:06:05Z},
  langid = {english},
  number = {2},
  journal = {Proteins},
  author = {Huang, Sheng-You and Zou, Xiaoqin},
  urldate = {2016-04-03},
  date = {2007-02-01},
  pages = {399--421},
  keywords = {ligand-protein interactions,molecular docking,protein ensemble,Protein Flexibility,structure-based drug design}
}

@article{amadei_convergence_1999,
  title = {On the convergence of the conformational coordinates basis set obtained by the essential dynamics analysis of proteins' molecular dynamics simulations},
  volume = {36},
  url = {http://onlinelibrary.wiley.com/doi/10.1002/(SICI)1097-0134(19990901)36:4<419::AID-PROT5>3.0.CO;2-U/abstract},
  timestamp = {2016-03-02T09:41:53Z},
  langid = {english},
  number = {4},
  journal = {Proteins},
  author = {Amadei, Andrea and Ceruso, Marc A. and Di Nola, Alfredo},
  urldate = {2016-03-02},
  date = {1999-09-01},
  pages = {419--424},
  keywords = {conformational fluctuations,essential dynamics,Molecular dynamics}
}

@article{choi_updating_2006-1,
  title = {On updating torsion angles of molecular conformations},
  volume = {46},
  timestamp = {2016-03-31T19:45:13Z},
  number = {1},
  journal = {J Chem Inf Model},
  author = {Choi, Vicky},
  year = {2006 Jan-Feb},
  pages = {438--444},
  eprinttype = {pmid},
  eprint = {16426078}
}

@article{noguti_efficient_1985,
  title = {Efficient monte carlo method for simulation of fluctuating conformations of native proteins},
  volume = {24},
  url = {http://onlinelibrary.wiley.com/doi/10.1002/bip.360240308/abstract},
  timestamp = {2016-03-30T09:01:30Z},
  langid = {english},
  number = {3},
  journal = {Biopolymers},
  author = {Noguti, Tosiyuki and G\={o}, Noguhiro},
  urldate = {2016-03-30},
  date = {1985-03-01},
  pages = {527--546}
}

@article{kidera_enhanced_1995,
  title = {Enhanced conformational sampling in {{Monte Carlo}} simulations of proteins: application to a constrained peptide},
  volume = {92},
  url = {http://www.pnas.org/content/92/21/9886},
  timestamp = {2016-03-30T09:02:46Z},
  langid = {english},
  number = {21},
  journal = {PNAS},
  author = {Kidera, A.},
  urldate = {2016-03-30},
  date = {1995-10-10},
  pages = {9886--9889},
  eprinttype = {pmid},
  eprint = {7568238}
}

@article{levitt_protein_1985,
  title = {Protein normal-mode dynamics: {{Trypsin}} inhibitor, crambin, ribonuclease and lysozyme},
  volume = {181},
  url = {http://www.sciencedirect.com/science/article/pii/002228368590230X},
  timestamp = {2016-03-30T09:14:53Z},
  number = {3},
  journal = {Journal of Molecular Biology},
  author = {Levitt, Michael and Sander, Christian and Stern, Peter S.},
  urldate = {2016-03-30},
  date = {1985-02-05},
  pages = {423--447}
}

@article{eyer_nucleoside_2015,
  title = {Nucleoside {{Inhibitors}} of {{Tick-Borne Encephalitis Virus}}},
  volume = {59},
  url = {http://aac.asm.org/content/59/9/5483},
  timestamp = {2016-04-02T18:43:15Z},
  langid = {english},
  number = {9},
  journal = {Antimicrob. Agents Chemother.},
  author = {Eyer, Lud{\v e}k and Vald{\'e}s, James J. and Gil, Victor A. and Nencka, Radim and H{\v r}ebabeck{\'y}, Hubert and {\v S}{\'a}la, Michal and Sal{\'a}t, Ji{\v r}{\'\i} and {\v C}ern{\'y}, Ji{\v r}{\'\i} and Palus, Martin and Clercq, Erik De and R\r{u}{\v z}ek, Daniel},
  urldate = {2016-04-02},
  date = {2015-01-09},
  pages = {5483--5493},
  eprinttype = {pmid},
  eprint = {26124166}
}

@article{mendez_torsional_2010-1,
  title = {Torsional {{Network Model}}: {{Normal Modes}} in {{Torsion Angle Space Better Correlate}} with {{Conformation Changes}} in {{Proteins}}},
  volume = {104},
  url = {http://link.aps.org/doi/10.1103/PhysRevLett.104.228103},
  timestamp = {2016-03-30T09:21:17Z},
  number = {22},
  journal = {Phys. Rev. Lett.},
  author = {Mendez, Raul and Bastolla, Ugo},
  urldate = {2016-03-30},
  date = {2010-06-03},
  pages = {228103}
}

@article{bray_optimized_2011,
  title = {Optimized {{Torsion-Angle Normal Modes Reproduce Conformational Changes More Accurately Than Cartesian Modes}}},
  volume = {101},
  url = {http://www.ncbi.nlm.nih.gov/pmc/articles/PMC3244061/},
  timestamp = {2016-03-30T09:23:57Z},
  number = {12},
  journal = {Biophys J},
  author = {Bray, Jenelle~K. and Weiss, Dahlia~R. and Levitt, Michael},
  urldate = {2016-03-30},
  date = {2011-12-21},
  pages = {2966--2969},
  eprinttype = {pmid},
  eprint = {22208195},
  pmcid = {PMC3244061}
}

@article{ghysels_comparative_2010,
  title = {Comparative {{Study}} of {{Various Normal Mode Analysis Techniques Based}} on {{Partial Hessians}}},
  volume = {31},
  url = {http://www.ncbi.nlm.nih.gov/pmc/articles/PMC4245204/},
  timestamp = {2016-03-30T09:26:00Z},
  number = {5},
  journal = {J Comput Chem},
  author = {Ghysels, A. and VAN SPEYBROECK, VERONIQUE and PAUWELS, EWALD and CATAK, SARON and BROOKS, BERNARD R. and VAN NECK, DIMITRI and WAROQUIER, MICHEL},
  urldate = {2016-03-30},
  date = {2010-04-15},
  pages = {994--1007},
  eprinttype = {pmid},
  eprint = {19813181},
  pmcid = {PMC4245204}
}

@article{ghysels_mobile_2009,
  title = {Mobile {{Block Hessian Approach}} with {{Adjoined Blocks}}: {{An Efficient Approach}} for the {{Calculation}} of {{Frequencies}} in {{Macromolecules}}},
  volume = {5},
  url = {http://dx.doi.org/10.1021/ct800489r},
  timestamp = {2016-03-30T09:26:42Z},
  number = {5},
  journal = {J. Chem. Theory Comput.},
  author = {Ghysels, A. and Van Speybroeck, V. and Pauwels, E. and Van Neck, D. and Brooks, B. R. and Waroquier, M.},
  urldate = {2016-03-30},
  date = {2009-05-12},
  pages = {1203--1215}
}

@article{endres_new_2003,
  title = {A new metric for probability distributions},
  volume = {49},
  timestamp = {2016-03-30T14:13:20Z},
  number = {7},
  journal = {IEEE Transactions on Information Theory},
  author = {Endres, D. M. and Schindelin, J. E.},
  date = {2003-07},
  pages = {1858--1860},
  keywords = {Adaptive estimation,Algorithm design and analysis,asymptotic approximation,Bayesian interpretation,Bayesian methods,Bayes methods,bounded information-theoretically motivated metric,capacitory discrimination,Convergence,Gaussian noise,Information theory,Iterative algorithms,Jensen-Shannon divergence,Probability,Probability distribution,probability distributions,square root,Wavelet analysis,White noise,Writing, distance}
}

@book{frenkel_understanding_2002,
  location = {{San Diego}},
  edition = {2nd ed},
  title = {Understanding molecular simulation: from algorithms to applications},
  pagetotal = {638},
  timestamp = {2016-04-05T09:57:26Z},
  number = {1},
  series = {Computational science series},
  publisher = {{Academic Press}},
  author = {Frenkel, Daan and Smit, Berend},
  date = {2002},
  keywords = {Computer Simulation,Intermolecular forces,Mathematical models,Molecules}
}

@article{northrup_simulation_1980,
  title = {Simulation methods for protein structure fluctuations},
  volume = {19},
  timestamp = {2016-04-05T09:59:44Z},
  number = {5},
  journal = {Biopolymers},
  author = {Northrup, S. H. and McCammon, J. A.},
  date = {1980-05},
  pages = {1001--1016},
  keywords = {Mathematics,Methods,Models; Biological,Protein Conformation,Proteins},
  eprinttype = {pmid},
  eprint = {7378544}
}

@article{boggon_structure_2004,
  title = {Structure and regulation of {{Src}} family kinases},
  volume = {23},
  url = {http://www.nature.com/onc/journal/v23/n48/full/1208081a.html},
  timestamp = {2016-04-05T10:02:22Z},
  langid = {english},
  number = {48},
  journal = {Oncogene},
  author = {Boggon, Titus J. and Eck, Michael J.},
  urldate = {2016-04-05},
  date = {2004},
  pages = {7918--7927},
  keywords = {CD4/CD8,modular signaling,Src regulation}
}

@article{tse_molecular_2015,
  title = {Molecular {{Dynamics Simulations}} and {{Structural Network Analysis}} of c-{{Abl}} and c-{{Src Kinase Core Proteins}}: {{Capturing Allosteric Mechanisms}} and {{Communication Pathways}} from {{Residue Centrality}}},
  volume = {55},
  url = {http://dx.doi.org/10.1021/acs.jcim.5b00240},
  timestamp = {2016-04-05T10:02:36Z},
  number = {8},
  journal = {J. Chem. Inf. Model.},
  author = {Tse, Amanda and Verkhivker, Gennady M.},
  urldate = {2016-04-05},
  date = {2015-08-24},
  pages = {1645--1662}
}

@article{chen_implicit_2008,
  title = {Implicit modeling of nonpolar solvation for simulating protein folding and conformational transitions},
  volume = {10},
  url = {http://pubs.rsc.org/en/content/articlelanding/2008/cp/b714141f},
  timestamp = {2016-04-07T18:14:08Z},
  langid = {english},
  number = {4},
  journal = {Phys. Chem. Chem. Phys.},
  author = {Chen, Jianhan and Iii, Charles L. Brooks},
  urldate = {2016-04-07},
  date = {2008-01-08},
  pages = {471--481}
}

@article{shukla_activation_2014,
  title = {Activation pathway of {{Src}} kinase reveals intermediate states as targets for drug design},
  volume = {5},
  url = {http://www.nature.com/ncomms/2014/140303/ncomms4397/full/ncomms4397.html},
  timestamp = {2016-04-05T10:03:03Z},
  langid = {english},
  journal = {Nat Commun},
  author = {Shukla, Diwakar and Meng, Yilin and Roux, Beno{\^\i}t and Pande, Vijay S.},
  urldate = {2016-04-05},
  date = {2014-03-03},
  pages = {3397},
  keywords = {Biochemistry,Biological sciences,Biophysics}
}

@article{sherman_novel_2006,
  title = {Novel {{Procedure}} for {{Modeling Ligand}}/{{Receptor Induced Fit Effects}}},
  volume = {49},
  url = {http://dx.doi.org/10.1021/jm050540c},
  timestamp = {2016-04-05T10:04:10Z},
  number = {2},
  journal = {J. Med. Chem.},
  author = {Sherman, Woody and Day, Tyler and Jacobson, Matthew P. and Friesner, Richard A. and Farid, Ramy},
  urldate = {2016-04-05},
  date = {2006-01-01},
  pages = {534--553}
}

@article{acebes_rational_2016,
  title = {Rational {{Enzyme Engineering Through Biophysical}} and {{Biochemical Modeling}}},
  volume = {6},
  url = {http://dx.doi.org/10.1021/acscatal.6b00028},
  timestamp = {2016-04-08T17:38:30Z},
  number = {3},
  journal = {ACS Catal.},
  author = {Acebes, Sandra and Fernandez-Fueyo, Elena and Monza, Emanuele and Lucas, M. Fatima and Almendral, David and Ruiz-Due{\~n}as, Francisco J. and Lund, Henrik and Martinez, Angel T. and Guallar, Victor},
  urldate = {2016-04-08},
  date = {2016-03-04},
  pages = {1624--1629}
}

@article{legge_protein_2006,
  title = {Protein flexibility: {{Multiple}} molecular dynamics simulations of insulin chain {{B}}},
  volume = {119},
  url = {http://www.sciencedirect.com/science/article/pii/S0301462205001778},
  timestamp = {2016-04-05T10:05:40Z},
  number = {2},
  journal = {Biophysical Chemistry},
  author = {Legge, F. S. and Budi, A. and Treutlein, H. and Yarovsky, I.},
  urldate = {2016-04-05},
  date = {2006-01-20},
  pages = {146--157},
  keywords = {Chain B,Conformational flexibility,Insulin,Molecular dynamics,Multiple simulations,Rf-state,T-state}
}

@article{de_vivo_role_2016,
  title = {Role of {{Molecular Dynamics}} and {{Related Methods}} in {{Drug Discovery}}},
  url = {http://dx.doi.org/10.1021/acs.jmedchem.5b01684},
  timestamp = {2016-04-05T10:08:49Z},
  journal = {J. Med. Chem.},
  author = {De Vivo, Marco and Masetti, Matteo and Bottegoni, Giovanni and Cavalli, Andrea},
  urldate = {2016-04-05},
  date = {2016-01-25}
}

@article{cole_molecular_2015,
  title = {Molecular dynamics and {{Monte Carlo}} simulations for protein\textendash{}ligand binding and inhibitor design},
  volume = {1850},
  url = {http://www.sciencedirect.com/science/article/pii/S0304416514003018},
  timestamp = {2016-04-05T10:10:27Z},
  number = {5},
  journal = {Biochimica et Biophysica Acta (BBA) - General Subjects},
  series = {Recent developments of molecular dynamics},
  author = {Cole, Daniel J. and Tirado-Rives, Julian and Jorgensen, William L.},
  urldate = {2016-04-05},
  date = {2015-05},
  pages = {966--971},
  keywords = {Enhanced sampling,Free energy perturbation,Non-nucleoside inhibitors of HIV-1 reverse transcriptase,Replica exchange with solute tempering}
}

@article{paine_prediction_1985,
  title = {Prediction of the native conformation of a polypeptide by a statistical-mechanical procedure. {{I}}. {{Backbone}} structure of enkephalin},
  volume = {24},
  timestamp = {2016-04-05T10:27:58Z},
  number = {8},
  journal = {Biopolymers},
  author = {Paine, G. H. and Scheraga, H. A.},
  date = {1985-08},
  pages = {1391--1436},
  keywords = {Enkephalins,Mathematics,Models; Biological,Protein Conformation},
  eprinttype = {pmid},
  eprint = {4041544}
}

@article{rapaport_evolution_1981,
  title = {Evolution and stability of polypeptide chain conformation: a simulation study},
  volume = {14},
  url = {http://dx.doi.org/10.1021/ma50006a020},
  timestamp = {2016-04-05T10:29:44Z},
  number = {5},
  journal = {Macromolecules},
  author = {Rapaport, D. C. and Scheraga, H. A.},
  urldate = {2016-04-05},
  date = {1981-09-01},
  pages = {1238--1246}
}

@article{zhang_residual_2012,
  title = {Residual {{Structures}}, {{Conformational Fluctuations}}, and {{Electrostatic Interactions}} in the {{Synergistic Folding}} of {{Two Intrinsically Disordered Proteins}}},
  volume = {8},
  url = {http://journals.plos.org/ploscompbiol/article?id=10.1371/journal.pcbi.1002353},
  timestamp = {2016-04-07T18:15:25Z},
  number = {1},
  journal = {PLOS Comput Biol},
  author = {Zhang, Weihong and Ganguly, Debabani and Chen, Jianhan},
  urldate = {2016-04-07},
  year = {12-ene-2012},
  pages = {e1002353},
  keywords = {Biochemical simulations,Biophysical simulations,Free energy,Intrinsically disordered proteins,Protein interactions,protein structure,Salt bridges,Simulation and modeling}
}

@article{monza_insights_2015,
  title = {Insights into {{Laccase Engineering}} from {{Molecular Simulations}}: {{Toward}} a {{Binding-Focused Strategy}}},
  volume = {6},
  url = {http://dx.doi.org/10.1021/acs.jpclett.5b00225},
  timestamp = {2016-04-05T10:34:04Z},
  number = {8},
  journal = {J. Phys. Chem. Lett.},
  author = {Monza, Emanuele and Lucas, M. Fatima and Camarero, Susana and Alejaldre, Lorea C. and Mart{\'\i}nez, Angel T. and Guallar, Victor},
  urldate = {2016-04-05},
  date = {2015-04-16},
  pages = {1447--1453}
}

@article{esteban-martin_correlated_2014,
  title = {Correlated {{Inter-Domain Motions}} in {{Adenylate Kinase}}},
  volume = {10},
  url = {http://journals.plos.org/ploscompbiol/article?id=10.1371/journal.pcbi.1003721},
  timestamp = {2016-04-05T10:35:44Z},
  number = {7},
  journal = {PLOS Comput Biol},
  author = {Esteban-Mart{\'\i}n, Santiago and Fenwick, Robert Bryn and \AA{}d{\'e}n, J{\"o}rgen and Cossins, Benjamin and Bertoncini, Carlos W. and Guallar, Victor and Wolf-Watz, Magnus and Salvatella, Xavier},
  urldate = {2016-04-05},
  year = {31-jul-2014},
  pages = {e1003721},
  keywords = {Allosteric Regulation,Enzymes,Gene pool,Genetic algorithms,Multiple alignment calculation,Nuclear magnetic resonance,Perturbation (geology),Protein structure comparison}
}

@article{skjaerven_principal_2011,
  title = {Principal component and normal mode analysis of proteins; a quantitative comparison using the {{GroEL}} subunit},
  volume = {79},
  url = {http://onlinelibrary.wiley.com/doi/10.1002/prot.22875/abstract},
  timestamp = {2016-04-05T10:39:28Z},
  langid = {english},
  number = {1},
  journal = {Proteins},
  author = {Skjaerven, Lars and Martinez, Aurora and Reuter, Nathalie},
  urldate = {2016-04-05},
  date = {2011-01-01},
  pages = {232--243},
  keywords = {GroEL,Molecular Dynamics Simulation,NMA,PCA}
}

@article{beauchamp_are_2012,
  title = {Are {{Protein Force Fields Getting Better}}? {{A Systematic Benchmark}} on 524 {{Diverse NMR Measurements}}},
  volume = {8},
  url = {http://www.ncbi.nlm.nih.gov/pmc/articles/PMC3383641/},
  timestamp = {2016-04-05T10:49:37Z},
  number = {4},
  journal = {J Chem Theory Comput},
  author = {Beauchamp, Kyle A. and Lin, Yu-Shan and Das, Rhiju and Pande, Vijay S.},
  urldate = {2016-04-05},
  date = {2012-04-10},
  pages = {1409--1414},
  eprinttype = {pmid},
  eprint = {22754404},
  pmcid = {PMC3383641}
}

@article{leherte_comparison_2014,
  title = {Comparison of reduced point charge models of proteins: {{Molecular Dynamics}} simulations of {{Ubiquitin}}},
  volume = {57},
  url = {http://link.springer.com/article/10.1007/s11426-014-5109-8},
  timestamp = {2016-04-05T10:50:24Z},
  langid = {english},
  number = {10},
  journal = {Sci. China Chem.},
  author = {Leherte, Laurence and Vercauteren, Daniel P.},
  urldate = {2016-04-05},
  date = {2014-08-09},
  pages = {1340--1354},
  keywords = {Chemistry/Food Science; general,critical points,electron density,molecular electrostatic potential,point charge model,protein,smoothing of molecular fields,ubiquitin}
}

@article{stultz_assessment_2004,
  title = {An {{Assessment}} of {{Potential}} of {{Mean Force Calculations}} with {{Implicit Solvent Models}}},
  volume = {108},
  url = {http://dx.doi.org/10.1021/jp047126t},
  timestamp = {2016-04-07T18:16:34Z},
  number = {42},
  journal = {J. Phys. Chem. B},
  author = {Stultz, Collin M.},
  urldate = {2016-04-07},
  date = {2004-10-01},
  pages = {16525--16532}
}

@article{raval_assessment_2016,
  title = {Assessment of the utility of contact-based restraints in accelerating the prediction of protein structure using molecular dynamics simulations},
  volume = {25},
  url = {http://onlinelibrary.wiley.com/doi/10.1002/pro.2770/abstract},
  timestamp = {2016-04-05T10:51:27Z},
  langid = {english},
  number = {1},
  journal = {Protein Science},
  author = {Raval, Alpan and Piana, Stefano and Eastwood, Michael P. and Shaw, David E.},
  urldate = {2016-04-05},
  date = {2016-01-01},
  pages = {19--29},
  keywords = {CASP,contact-based restraints,distance restraints,Molecular dynamics,protein structure,structure prediction,ubiquitin}
}

@article{genheden_will_2012,
  title = {Will molecular dynamics simulations of proteins ever reach equilibrium?},
  volume = {14},
  url = {http://pubs.rsc.org/en/content/articlelanding/2012/cp/c2cp23961b},
  timestamp = {2016-04-05T11:04:45Z},
  langid = {english},
  number = {24},
  journal = {Phys. Chem. Chem. Phys.},
  author = {Genheden, Samuel and Ryde, Ulf},
  urldate = {2016-04-05},
  date = {2012-05-30},
  pages = {8662--8677}
}

@article{grebner_binding_2016,
  title = {Binding {{Mode}} and {{Induced Fit Predictions}} for {{Prospective Computational Drug Design}}},
  url = {http://dx.doi.org/10.1021/acs.jcim.5b00744},
  timestamp = {2016-04-08T10:05:57Z},
  journal = {J. Chem. Inf. Model.},
  author = {Grebner, Christoph and Iegre, Jessica and Ulander, Johan and Edman, Karl and Hogner, Anders and Tyrchan, Christian},
  urldate = {2016-04-08},
  date = {2016-03-14}
}

@article{henzler-wildman_dynamic_2007,
  title = {Dynamic personalities of proteins},
  volume = {450},
  url = {http://www.nature.com/nature/journal/v450/n7172/full/nature06522.html},
  timestamp = {2016-04-05T11:05:54Z},
  langid = {english},
  number = {7172},
  journal = {Nature},
  author = {Henzler-Wildman, Katherine and Kern, Dorothee},
  urldate = {2016-04-05},
  date = {2007-12-13},
  pages = {964--972}
}

@article{plattner_protein_2015,
  title = {Protein conformational plasticity and complex ligand-binding kinetics explored by atomistic simulations and {{Markov}} models},
  volume = {6},
  url = {http://www.nature.com/ncomms/2015/150702/ncomms8653/full/ncomms8653.html},
  timestamp = {2016-04-05T11:07:00Z},
  langid = {english},
  journal = {Nat Commun},
  author = {Plattner, Nuria and No{\'e}, Frank},
  urldate = {2016-04-05},
  date = {2015-07-02},
  pages = {7653},
  keywords = {Biochemistry,Biological sciences,Molecular biology,Physical Chemistry}
}

@article{glickman_ubiquitin-proteasome_2002,
  title = {The {{Ubiquitin-Proteasome Proteolytic Pathway}}: {{Destruction}} for the {{Sake}} of {{Construction}}},
  volume = {82},
  url = {http://physrev.physiology.org/content/82/2/373},
  timestamp = {2016-04-05T11:08:33Z},
  langid = {english},
  number = {2},
  journal = {Physiological Reviews},
  author = {Glickman, Michael H. and Ciechanover, Aaron},
  urldate = {2016-04-05},
  date = {2002-04-01},
  pages = {373--428},
  eprinttype = {pmid},
  eprint = {11917093}
}

@article{schnell_non-traditional_2003,
  title = {Non-traditional {{Functions}} of {{Ubiquitin}} and {{Ubiquitin}}-binding {{Proteins}}},
  volume = {278},
  url = {http://www.jbc.org/content/278/38/35857},
  timestamp = {2016-04-05T11:09:15Z},
  langid = {english},
  number = {38},
  journal = {J. Biol. Chem.},
  author = {Schnell, Joshua D. and Hicke, Linda},
  urldate = {2016-04-05},
  date = {2003-09-19},
  pages = {35857--35860},
  eprinttype = {pmid},
  eprint = {12860974}
}

@article{mukhopadhyay_proteasome-independent_2007,
  title = {Proteasome-{{Independent Functions}} of {{Ubiquitin}} in {{Endocytosis}} and {{Signaling}}},
  volume = {315},
  url = {http://science.sciencemag.org/content/315/5809/201},
  timestamp = {2016-04-05T11:09:46Z},
  langid = {english},
  number = {5809},
  journal = {Science},
  author = {Mukhopadhyay, Debdyuti and Riezman, Howard},
  urldate = {2016-04-05},
  date = {2007-01-12},
  pages = {201--205},
  eprinttype = {pmid},
  eprint = {17218518}
}

@article{formaneck_use_2006,
  title = {The use of a generalized born model for the analysis of protein conformational transitions: {{A}} comparative study with explicit solvent simulations for chemotaxis {{Y}} protein ({{CheY}})},
  volume = {27},
  timestamp = {2016-04-07T18:19:44Z},
  journal = {J. Comput. Chem.},
  author = {Formaneck, M. and Cui, Q.},
  date = {2006},
  pages = {1923}
}

@article{vijay-kumar_structure_1987,
  title = {Structure of ubiquitin refined at 1.{{8\AA{}resolution}}},
  volume = {194},
  url = {http://www.sciencedirect.com/science/article/pii/0022283687906796},
  timestamp = {2016-04-05T11:17:00Z},
  number = {3},
  journal = {Journal of Molecular Biology},
  author = {Vijay-Kumar, Senadhi and Bugg, Charles E. and Cook, William J.},
  urldate = {2016-04-05},
  date = {1987-04-05},
  pages = {531--544}
}

@article{bang_total_2005,
  title = {Total {{Chemical Synthesis}} and {{X}}-ray {{Crystal Structure}} of a {{Protein Diastereomer}}: [{{D-Gln}}\,35]{{Ubiquitin}}},
  volume = {44},
  url = {http://onlinelibrary.wiley.com/doi/10.1002/anie.200463040/abstract},
  timestamp = {2016-04-05T11:17:28Z},
  langid = {english},
  number = {25},
  journal = {Angewandte Chemie International Edition},
  author = {Bang, Duhee and Makhatadze, George I. and Tereshko, Valentina and Kossiakoff, Anthony A. and Kent, Stephen B.},
  urldate = {2016-04-05},
  date = {2005-06-20},
  pages = {3852--3856},
  keywords = {chemical ligation,diastereomers,protein structures,protein synthesis,X-Ray Diffraction}
}

@article{liu_nmr_2009,
  title = {{{NMR}} and {{X-RAY}} structures of human {{E2}}-like ubiquitin-fold modifier conjugating enzyme 1 ({{UFC1}}) reveal structural and functional conservation in the metazoan {{UFM1-UBA5-UFC1}} ubiquination pathway},
  volume = {10},
  url = {http://www.ncbi.nlm.nih.gov/pmc/articles/PMC2850604/},
  timestamp = {2016-04-05T11:18:09Z},
  number = {2},
  journal = {J Struct Funct Genomics},
  author = {Liu, Gaohua and Forouhar, Farhad and Eletsky, Alexander and Atreya, Hanudatta S. and Aramini, James M. and Xiao, Rong and Huang, Yuanpeng J. and Abashidze, Mariam and Seetharaman, Jayaraman and Liu, Jinfeng and Rost, Burkhard and Acton, Thomas and Montelione, Gaetano T. and Hunt, John F. and Szyperski, Thomas},
  urldate = {2016-04-05},
  date = {2009-04},
  pages = {127--136},
  eprinttype = {pmid},
  eprint = {19101823},
  pmcid = {PMC2850604}
}

@article{alexeev_synthesis_2003,
  title = {Synthesis, {{Structural}} and {{Biological Studies}} of {{Ubiquitin Mutants Containing}} ({{2S}}, {{4S}})-5-{{Fluoroleucine Residues Strategically Placed}} in the {{Hydrophobic Core}}},
  volume = {4},
  url = {http://onlinelibrary.wiley.com/doi/10.1002/cbic.200300699/abstract},
  timestamp = {2016-04-05T11:19:27Z},
  langid = {english},
  number = {9},
  journal = {ChemBioChem},
  author = {Alexeev, Dmitriy and Barlow, Paul N. and Bury, Stella M. and Charrier, Jean-Damien and Cooper, Alan and Hadfield, David and Jamieson, Craig and Kelly, Sharon M. and Layfield, Robert and Mayer, R. John and McSparron, Helen and Price, Nicholas C. and Ramage, Robert and Sawyer, Lindsay and Starkmann, Bernard A. and Uhrin, Dusan and Wilken, Jill and Young, Douglas W.},
  urldate = {2016-04-05},
  date = {2003-09-05},
  pages = {894--896},
  keywords = {Amino Acids,bioorganic chemistry,Crystallography,Mutation,Proteins}
}

@article{jaramillo_computational_2005,
  title = {Computational {{Protein Design Is}} a {{Challenge}} for {{Implicit Solvation Models}}},
  volume = {88},
  url = {http://www.sciencedirect.com/science/article/pii/S0006349505730952},
  timestamp = {2016-04-07T18:20:47Z},
  number = {1},
  journal = {Biophysical Journal},
  author = {Jaramillo, Alfonso and Wodak, Shoshana J.},
  urldate = {2016-04-07},
  date = {2005-01},
  pages = {156--171}
}

@article{levin-kravets_tetrameric_2015,
  title = {Tetrameric {{Assembly}} of {{Monoubiquitin Accurately Mimics}} the {{Lys11 Polyubiquitin Chain Structure}}},
  volume = {54},
  url = {http://dx.doi.org/10.1021/acs.biochem.5b00498},
  timestamp = {2016-04-05T11:19:54Z},
  number = {30},
  journal = {Biochemistry},
  author = {Levin-Kravets, Olga and Shohat, Noa and Prag, Gali},
  urldate = {2016-04-05},
  date = {2015-08-04},
  pages = {4704--4710}
}

@article{fasshuber_structural_2015,
  title = {Structural heterogeneity in microcrystalline ubiquitin studied by solid-state {{NMR}}},
  volume = {24},
  url = {http://onlinelibrary.wiley.com/doi/10.1002/pro.2654/abstract},
  timestamp = {2016-04-05T11:20:34Z},
  langid = {english},
  number = {5},
  journal = {Protein Science},
  author = {Fasshuber, Hannes Klaus and Lakomek, Nils-Alexander and Habenstein, Birgit and Loquet, Antoine and Shi, Chaowei and Giller, Karin and Wolff, Sebastian and Becker, Stefan and Lange, Adam},
  urldate = {2016-04-05},
  date = {2015-05-01},
  pages = {592--598},
  keywords = {13C sparse labeling,dynamics,heterogeneity,solid-state NMR,ubiquitin}
}

@article{massi_microsecond_2005,
  title = {Microsecond timescale backbone conformational dynamics in ubiquitin studied with {{NMR R1\ensuremath{\rho}}} relaxation experiments},
  volume = {14},
  url = {http://onlinelibrary.wiley.com/doi/10.1110/ps.041139505/abstract},
  timestamp = {2016-04-05T11:23:31Z},
  langid = {english},
  number = {3},
  journal = {Protein Science},
  author = {Massi, Francesca and Grey, Michael J. and Palmer, Arthur G.},
  urldate = {2016-04-05},
  date = {2005-03-01},
  pages = {735--742},
  keywords = {15N spin relaxation,chemical exchange,multiple-quantum relaxation,Protein dynamics}
}

@article{chen_deciphering_2007,
  title = {Deciphering {{Protein Dynamics}} from {{NMR Data Using Explicit Structure Sampling}} and {{Selection}}},
  volume = {93},
  url = {http://www.sciencedirect.com/science/article/pii/S0006349507714844},
  timestamp = {2016-04-05T11:23:56Z},
  number = {7},
  journal = {Biophysical Journal},
  author = {Chen, Yiwen and Campbell, Sharon L. and Dokholyan, Nikolay V.},
  urldate = {2016-04-05},
  date = {2007-10-01},
  pages = {2300--2306}
}

@article{schanda_quantitative_2010,
  title = {Quantitative {{Analysis}} of {{Protein Backbone Dynamics}} in {{Microcrystalline Ubiquitin}} by {{Solid-State NMR Spectroscopy}}},
  volume = {132},
  url = {http://dx.doi.org/10.1021/ja100726a},
  timestamp = {2016-04-05T11:24:17Z},
  number = {45},
  journal = {J. Am. Chem. Soc.},
  author = {Schanda, Paul and Meier, Beat H. and Ernst, Matthias},
  urldate = {2016-04-05},
  date = {2010-11-17},
  pages = {15957--15967}
}

@article{phillips_conformational_2013,
  title = {Conformational dynamics control ubiquitin-deubiquitinase interactions and influence in vivo signaling},
  volume = {110},
  url = {http://www.pnas.org/content/110/28/11379},
  timestamp = {2016-04-05T11:24:36Z},
  langid = {english},
  number = {28},
  journal = {PNAS},
  author = {Phillips, Aaron H. and Zhang, Yingnan and Cunningham, Christian N. and Zhou, Lijuan and Forrest, William F. and Liu, Peter S. and Steffek, Micah and Lee, James and Tam, Christine and Helgason, Elizabeth and Murray, Jeremy M. and Kirkpatrick, Donald S. and Fairbrother, Wayne J. and Corn, Jacob E.},
  urldate = {2016-04-05},
  date = {2013-09-07},
  pages = {11379--11384},
  keywords = {computational design,phage display,Protein dynamics,proteinprotein interactions,ubiquitin signaling},
  eprinttype = {pmid},
  eprint = {23801757}
}

@article{van_der_spoel_gromacs_2005,
  title = {{{GROMACS}}: fast, flexible, and free},
  volume = {26},
  timestamp = {2016-04-05T11:31:08Z},
  number = {16},
  journal = {J Comput Chem},
  author = {Van Der Spoel, David and Lindahl, Erik and Hess, Berk and Groenhof, Gerrit and Mark, Alan E. and Berendsen, Herman J. C.},
  date = {2005-12},
  pages = {1701--1718},
  keywords = {Algorithms,Cell Membrane,Computer Simulation,Membrane Proteins,Models; Chemical,Molecular Structure,Protein Folding,Software,Stochastic Processes,Thermodynamics},
  eprinttype = {pmid},
  eprint = {16211538}
}

@article{aleshin_src_2010,
  title = {{{SRC}}: {{A Century}} of {{Science Brought}} to the {{Clinic}}},
  volume = {12},
  url = {http://www.ncbi.nlm.nih.gov/pmc/articles/PMC2915404/},
  timestamp = {2016-04-05T11:33:12Z},
  number = {8},
  journal = {Neoplasia},
  author = {Aleshin, Alexey and Finn, Richard S},
  urldate = {2016-04-05},
  date = {2010-08},
  pages = {599--607},
  eprinttype = {pmid},
  eprint = {20689754},
  pmcid = {PMC2915404}
}

@article{schindler_crystal_1999,
  title = {Crystal {{Structure}} of {{Hck}} in {{Complex}} with a {{Src Family\textendash{}Selective Tyrosine Kinase Inhibitor}}},
  volume = {3},
  url = {http://www.sciencedirect.com/science/article/pii/S1097276500803573},
  timestamp = {2016-04-05T11:33:47Z},
  number = {5},
  journal = {Molecular Cell},
  author = {Schindler, Thomas and Sicheri, Frank and Pico, Alexander and Gazit, Aviv and Levitzki, Alexander and Kuriyan, John},
  urldate = {2016-04-05},
  date = {1999-05},
  pages = {639--648}
}

@article{ganoth_ubiquitin_2013,
  title = {Ubiquitin: {{Molecular}} modeling and simulations},
  volume = {46},
  url = {http://www.sciencedirect.com/science/article/pii/S1093326313001617},
  timestamp = {2016-04-05T11:35:59Z},
  journal = {Journal of Molecular Graphics and Modelling},
  author = {Ganoth, Assaf and Tsfadia, Yossi and Wiener, Reuven},
  urldate = {2016-04-05},
  date = {2013-11},
  pages = {29--40},
  keywords = {Computer simulations,Molecular dynamics,Molecular modeling,ubiquitin}
}

@article{kony_molecular_2007,
  title = {Molecular dynamics simulations of the native and partially folded states of ubiquitin: {{Influence}} of methanol cosolvent, {{pH}}, and temperature on the protein structure and dynamics},
  volume = {16},
  url = {http://onlinelibrary.wiley.com/doi/10.1110/ps.062323407/abstract},
  timestamp = {2016-04-05T11:37:16Z},
  langid = {english},
  number = {6},
  journal = {Protein Science},
  author = {Kony, David B. and H{\"u}nenberger, Philippe H. and van Gunsteren, Wilfred F.},
  urldate = {2016-04-05},
  date = {2007-06-01},
  pages = {1101--1118},
  keywords = {Molecular dynamics,partially folded state,Protein Folding,ubiquitin,watermethanol mixture},
  options = {useprefix=true}
}

@article{piana_atomic-level_2013,
  title = {Atomic-level description of ubiquitin folding},
  volume = {110},
  url = {http://www.pnas.org/content/110/15/5915},
  timestamp = {2016-04-05T11:38:03Z},
  langid = {english},
  number = {15},
  journal = {PNAS},
  author = {Piana, Stefano and Lindorff-Larsen, Kresten and Shaw, David E.},
  urldate = {2016-04-05},
  date = {2013-09-04},
  pages = {5915--5920},
  keywords = {CHARMM22*,energy landscape,enthalpy,phi-value analysis,prefactor},
  eprinttype = {pmid},
  eprint = {23503848}
}

@inproceedings{bowers_scalable_2006,
  title = {Scalable {{Algorithms}} for {{Molecular Dynamics Simulations}} on {{Commodity Clusters}}},
  eventtitle = {Proceedings of the ACM/IEEE SC 2006 Conference},
  timestamp = {2016-04-05T11:40:33Z},
  booktitle = {Proceedings of the {{ACM}}/{{IEEE SC}} 2006 {{Conference}}},
  author = {Bowers, K. J. and Chow, D. E. and Xu, H. and Dror, R. O. and Eastwood, M. P. and Gregersen, B. A. and Klepeis, J. L. and Kolossvary, I. and Moraes, M. A. and Sacerdoti, F. D. and Salmon, J. K. and Shan, Y. and Shaw, D. E.},
  date = {2006-11},
  pages = {43--43},
  keywords = {Acceleration,biology computing,biomolecular system,clustering algorithms,Code standards,commodity cluster,Computational modeling,Computer aided instruction,Discrete event simulation,distributed memory systems,Heuristic algorithms,Message passing,message-passing technique,molecular biophysics,molecular dynamics method,Molecular Dynamics Simulation,numerical technique,parallel decomposition method,parallel programming,parallel scalability,Pharmaceuticals,processor-level vector instruction,Scalability,Throughput}
}

@article{hornak_comparison_2006,
  title = {Comparison of multiple {{Amber}} force fields and development of improved protein backbone parameters},
  volume = {65},
  url = {http://onlinelibrary.wiley.com/doi/10.1002/prot.21123/abstract},
  timestamp = {2016-04-05T11:42:06Z},
  langid = {english},
  number = {3},
  journal = {Proteins},
  author = {Hornak, Viktor and Abel, Robert and Okur, Asim and Strockbine, Bentley and Roitberg, Adrian and Simmerling, Carlos},
  urldate = {2016-04-05},
  date = {2006-11-15},
  pages = {712--725},
  keywords = {decoy analysis,dihedral parameters,Molecular dynamics,molecular mechanics,NMR order parameters,trialanine,-helix}
}

@article{lindorff-larsen_improved_2010,
  title = {Improved side-chain torsion potentials for the {{Amber ff99SB}} protein force field},
  volume = {78},
  url = {http://onlinelibrary.wiley.com/doi/10.1002/prot.22711/abstract},
  timestamp = {2016-04-05T11:43:42Z},
  langid = {english},
  number = {8},
  journal = {Proteins},
  author = {Lindorff-Larsen, Kresten and Piana, Stefano and Palmo, Kim and Maragakis, Paul and Klepeis, John L. and Dror, Ron O. and Shaw, David E.},
  urldate = {2016-04-05},
  date = {2010-06-01},
  pages = {1950--1958},
  keywords = {dihedral,Molecular Dynamics Simulation,molecular mechanics,NMR,Protein dynamics,quantum mechanics,rotamer,side chain}
}

@article{lyman_ensemble-based_2006,
  title = {Ensemble-{{Based Convergence Analysis}} of {{Biomolecular Trajectories}}},
  volume = {91},
  url = {http://www.cell.com/article/S0006349506717167/abstract},
  timestamp = {2016-04-05T11:45:30Z},
  langid = {english},
  number = {1},
  journal = {Biophysical Journal},
  author = {Lyman, Edward and Zuckerman, Daniel M.},
  urldate = {2016-04-05},
  date = {2006-07-01},
  pages = {164--172},
  eprinttype = {pmid},
  eprint = {16617086,\%002016617086}
}

@article{lindorff-larsen_similarity_2009,
  title = {Similarity {{Measures}} for {{Protein Ensembles}}},
  volume = {4},
  url = {http://journals.plos.org/plosone/article?id=10.1371/journal.pone.0004203},
  timestamp = {2016-04-05T11:47:08Z},
  number = {1},
  journal = {PLOS ONE},
  author = {Lindorff-Larsen, Kresten and Ferkinghoff-Borg, Jesper},
  urldate = {2016-04-05},
  year = {15-ene-2009},
  pages = {e4203},
  keywords = {Biochemical simulations,Covariance,Normal distribution,Probability density,Probability distribution,protein structure,Protein structure determination,Simulation and modeling}
}

@article{endres_new_2003-1,
  title = {A new metric for probability distributions},
  volume = {49},
  timestamp = {2016-04-05T11:49:15Z},
  number = {7},
  journal = {IEEE Transactions on Information Theory},
  author = {Endres, D. M. and Schindelin, J. E.},
  date = {2003-07},
  pages = {1858--1860},
  keywords = {Adaptive estimation,Algorithm design and analysis,asymptotic approximation,Bayesian interpretation,Bayesian methods,Bayes methods,bounded information-theoretically motivated metric,capacitory discrimination,Convergence,Gaussian noise,Information theory,Iterative algorithms,Jensen-Shannon divergence,Probability,Probability distribution,probability distributions,square root,Wavelet analysis,White noise,Writing,2 distance}
}

@incollection{gelman_efficient_1996,
  title = {Efficient \{{{M}}\}etropolis jumping rules},
  timestamp = {2016-04-05T13:12:17Z},
  booktitle = {Bayesian statistics, 5 ({{Alicante}}, 1994)},
  publisher = {{Oxford Univ. Press}},
  author = {Gelman, A and Roberts, GO and Gilks, WR},
  date = {1996},
  pages = {599--607},
  keywords = {mcmc}
}

@article{lobanov_radius_2008,
  title = {Radius of gyration as an indicator of protein structure compactness},
  volume = {42},
  url = {http://link.springer.com/article/10.1134/S0026893308040195},
  timestamp = {2016-04-05T18:52:09Z},
  langid = {english},
  number = {4},
  journal = {Mol Biol},
  author = {Lobanov, M. Yu and Bogatyreva, N. S. and Galzitskaya, O. V.},
  urldate = {2016-04-05},
  date = {2008-08-10},
  pages = {623--628},
  keywords = {all-or-none simple folding mechanism,Biochemistry; general,compactness,complex folding mechanism with accumulation of intermediate state,contact density,Human Genetics,Life Sciences; general,structural class of proteins}
}

@article{moret_self-similarity_2009,
  title = {Self-similarity and protein compactness},
  volume = {80},
  timestamp = {2016-04-05T19:18:53Z},
  number = {4 Pt 1},
  journal = {Phys Rev E Stat Nonlin Soft Matter Phys},
  author = {Moret, M. A. and Santana, M. C. and Zebende, G. F. and Pascutti, P. G.},
  date = {2009-10},
  pages = {041908},
  keywords = {Databases; Protein,Hydrophobic and Hydrophilic Interactions,Protein Folding,Proteins,Solvents,Surface Properties,Water},
  eprinttype = {pmid},
  eprint = {19905343}
}

@article{jackson_ubiquitin_2006,
  title = {Ubiquitin: a small protein folding paradigm},
  volume = {4},
  url = {http://pubs.rsc.org.sire.ub.edu/en/content/articlelanding/2006/ob/b600829c},
  timestamp = {2016-04-05T19:39:44Z},
  langid = {english},
  number = {10},
  journal = {Org. Biomol. Chem.},
  author = {Jackson, Sophie E.},
  urldate = {2016-04-05},
  date = {2006-05-11},
  pages = {1845--1853}
}

@article{boehr_role_2009,
  title = {The role of dynamic conformational ensembles in biomolecular recognition},
  volume = {5},
  url = {http://www.nature.com/nchembio/journal/v5/n11/full/nchembio.232.html},
  timestamp = {2016-04-05T22:03:08Z},
  langid = {english},
  number = {11},
  journal = {Nat Chem Biol},
  author = {Boehr, David D. and Nussinov, Ruth and Wright, Peter E.},
  urldate = {2016-04-05},
  date = {2009-11},
  pages = {789--796}
}

@article{zhou_can_2002,
  title = {Can a continuum solvent model reproduce the free energy landscape of a \ensuremath{\beta}-hairpin folding in water?},
  volume = {99},
  url = {http://www.pnas.org/content/99/20/12777},
  timestamp = {2016-04-07T18:25:10Z},
  langid = {english},
  number = {20},
  journal = {PNAS},
  author = {Zhou, Ruhong and Berne, Bruce J.},
  urldate = {2016-04-07},
  date = {2002-01-10},
  pages = {12777--12782},
  eprinttype = {pmid},
  eprint = {12242327}
}

@article{csermely_induced_2010,
  title = {Induced fit, conformational selection and independent dynamic segments: an extended view of binding events},
  volume = {35},
  url = {http://www.cell.com/article/S0968000410000885/abstract},
  timestamp = {2016-04-05T22:03:27Z},
  langid = {english},
  number = {10},
  journal = {Trends in Biochemical Sciences},
  author = {Csermely, Peter and Palotai, Robin and Nussinov, Ruth},
  urldate = {2016-04-05},
  date = {2010-10-01},
  pages = {539--546},
  eprinttype = {pmid},
  eprint = {20541943,\%002020541943}
}

@article{foloppe_towards_????,
  title = {Towards understanding the unbound state of drug compounds: {{Implications}} for the intramolecular reorganization energy upon binding},
  url = {http://www.sciencedirect.com/science/article/pii/S0968089616301729},
  timestamp = {2016-04-07T18:26:03Z},
  journal = {Bioorganic \& Medicinal Chemistry},
  author = {Foloppe, Nicolas and Chen, I-Jen},
  urldate = {2016-04-07},
  keywords = {Conformational dynamics,Drug discovery,Intramolecular energy,Molecular modelling,molecular recognition,Reorganization energy,Simulation}
}

@incollection{lotan_efficient_2003,
  title = {Efficient {{Energy Computation}} for {{Monte Carlo Simulation}} of {{Proteins}}},
  url = {http://link.springer.com/chapter/10.1007/978-3-540-39763-2_26},
  timestamp = {2016-04-10T11:45:17Z},
  langid = {english},
  number = {2812},
  booktitle = {Algorithms in {{Bioinformatics}}},
  series = {Lecture Notes in Computer Science},
  publisher = {{Springer Berlin Heidelberg}},
  author = {Lotan, Itay and Schwarzer, Fabian and Latombe, Jean-Claude},
  editor = {Benson, Gary and Page, Roderic D. M.},
  urldate = {2016-04-10},
  date = {2003-09-15},
  pages = {354--373},
  keywords = {Algorithm Analysis and Problem Complexity,Computation by Abstract Devices,Data Structures,Life Sciences; general,Mathematics of Computing,Programming Techniques},
  doi = {10.1007/978-3-540-39763-2_26}
}

@article{tang_fast_2014,
  title = {Fast {{Protein Loop Sampling}} and {{Structure Prediction Using Distance-Guided Sequential Chain-Growth Monte Carlo Method}}},
  volume = {10},
  url = {http://www.ncbi.nlm.nih.gov/pmc/articles/PMC3998890/},
  timestamp = {2016-04-10T11:46:45Z},
  number = {4},
  journal = {PLoS Comput Biol},
  author = {Tang, Ke and Zhang, Jinfeng and Liang, Jie},
  urldate = {2016-04-10},
  date = {2014-04-24},
  eprinttype = {pmid},
  eprint = {24763317},
  pmcid = {PMC3998890}
}

@article{prathipati_integration_2015,
  title = {Integration of {{Ligand}} and {{Structure Based Approaches}} for {{CSAR}}-2014},
  timestamp = {2016-04-10T21:01:50Z},
  journal = {J. Chem. Inf. Model.},
  author = {Prathipati, Philip and Mizuguchi, Kenji},
  date = {2015-10-22}
}

@article{schlick_tnpacktruncated_1992-1,
  title = {{{TNPACK}}\textemdash{}a {{Truncated Newton Minimization Package}} for {{Large}}-scale {{Problems}}: {{II}}. {{Implementation Examples}}},
  volume = {18},
  timestamp = {2016-04-10T21:10:07Z},
  number = {1},
  journal = {ACM Trans. Math. Softw.},
  author = {Schlick, Tamar and Fogelson, Aaron},
  date = {1992-03},
  pages = {71--111},
  keywords = {nonlinear optimization,Sparse matrices,truncated Newton methods}
}

@article{edman_ligand_2015,
  title = {Ligand {{Binding Mechanism}} in {{Steroid Receptors}}: {{From Conserved Plasticity}} to {{Differential Evolutionary Constraints}}},
  volume = {23},
  timestamp = {2016-04-10T21:11:58Z},
  number = {12},
  journal = {Structure},
  author = {Edman, Karl and Hosseini, Ali and Bjursell, Magnus K. and Aagaard, Anna and Wissler, Lisa and Gunnarsson, Anders and Kaminski, Tim and K{\"o}hler, Christian and B{\"a}ckstr{\"o}m, Stefan and Jensen, Tina J. and Cavallin, Anders and Karlsson, Ulla and Nilsson, Ewa and Lecina, Daniel and Takahashi, Ryoji and Grebner, Christoph and Geschwindner, Stefan and Lepist{\"o}, Matti and Hogner, Anders C. and Guallar, Victor},
  date = {2015-12-01},
  pages = {2280--2290},
  eprinttype = {pmid},
  eprint = {26602186}
}

@article{lucas_molecular_2015-1,
  title = {Molecular determinants for selective {{C25}}-hydroxylation of vitamins {{D2}} and {{D3}} by fungal peroxygenases},
  volume = {6},
  timestamp = {2016-04-10T21:14:40Z},
  langid = {english},
  number = {1},
  journal = {Catal. Sci. Technol.},
  author = {Lucas, F{\'a}tima and Babot, Esteban D. and Ca{\~n}ellas, Marina and del R{\'\i}o, Jos{\'e} C. and Kalum, Lisbeth and Ullrich, Ren{\'e} and Hofrichter, Martin and Guallar, Victor and Mart{\'\i}nez, Angel T. and Guti{\'e}rrez, Ana},
  date = {2015-12-21},
  pages = {288--295}
}


